<?xml version="1.0" encoding="UTF-8"?>
<!DOCTYPE html PUBLIC "-//W3C//DTD XHTML 1.0 Transitional//EN"
    "http://www.w3.org/TR/xhtml1/DTD/xhtml1-transitional.dtd">
<html xmlns="http://www.w3.org/1999/xhtml" xml:lang="en" lang="en">
 <head>
  <title>
</title>
<meta http-equiv="Content-Type" content="text/html;charset=utf-8" />
  <meta name='ocr-system' content='tesseract 3.04.00' />
  <meta name='ocr-capabilities' content='ocr_page ocr_carea ocr_par ocr_line ocrx_word'/>
</head>
<body>
  <div class='ocr_page' id='page_1' title='image "./patrologiaecurs44unkngoog_0013.png"; bbox 0 0 3810 6144; ppageno 0'>
   <div class='ocr_carea' id='block_1_1' title="bbox 154 169 1858 279">
    <p class='ocr_par' dir='ltr' id='par_1_1' title="bbox 154 169 1858 279">
     <span class='ocr_line' id='line_1_1' title="bbox 154 169 1858 279; baseline 0.002 -3"><span class='ocrx_word' id='word_1_1' title='bbox 154 219 190 276; x_wconf 75' lang='lat'>15</span> <span class='ocrx_word' id='word_1_2' title='bbox 836 209 1105 271; x_wconf 75' lang='lat' dir='ltr'>euubucousbn.</span> <span class='ocrx_word' id='word_1_3' title='bbox 1756 220 1809 279; x_wconf 75' lang='lat' dir='ltr'>‘ld</span> <span class='ocrx_word' id='word_1_4' title='bbox 1850 169 1858 177; x_wconf 25' lang='grc' dir='ltr'>ι</span> 
     </span>
    </p>
   </div>
   <div class='ocr_carea' id='block_1_2' title="bbox 152 326 960 1691">
    <p class='ocr_par' dir='ltr' id='par_1_2' title="bbox 152 326 960 1691">
     <span class='ocr_line' id='line_1_2' title="bbox 155 326 957 401; baseline -0.012 -9"><span class='ocrx_word' id='word_1_5' title='bbox 155 334 317 400; x_wconf 90' lang='lat' dir='ltr'>debuerant,</span> <span class='ocrx_word' id='word_1_6' title='bbox 338 332 424 390; x_wconf 89' lang='lat' dir='ltr'>series</span> <span class='ocrx_word' id='word_1_7' title='bbox 437 340 479 388; x_wconf 94' lang='lat' dir='ltr'>tot</span> <span class='ocrx_word' id='word_1_8' title='bbox 496 329 670 398; x_wconf 77' lang='lat' dir='ltr'>seculorum,</span> <span class='ocrx_word' id='word_1_9' title='bbox 681 329 824 401; x_wconf 85' lang='lat' dir='ltr'>scripturae</span> <span class='ocrx_word' id='word_1_10' title='bbox 837 326 957 383; x_wconf 91' lang='lat' dir='ltr'>dillloul·</span> 
     </span>
     <span class='ocr_line' id='line_1_3' title="bbox 156 419 956 497; baseline -0.01 -17"><span class='ocrx_word' id='word_1_11' title='bbox 156 434 210 495; x_wconf 84' lang='lat' dir='ltr'>tas,</span> <span class='ocrx_word' id='word_1_12' title='bbox 226 441 317 482; x_wconf 84' lang='lat' dir='ltr'>renim</span> <span class='ocrx_word' id='word_1_13' title='bbox 332 422 477 497; x_wconf 74' lang='lat' dir='ltr'><strong>ignoratio,</strong></span> <span class='ocrx_word' id='word_1_14' title='bbox 492 435 525 478; x_wconf 89' lang='lat' dir='ltr'>ac</span> <span class='ocrx_word' id='word_1_15' title='bbox 538 420 655 478; x_wconf 79' lang='lat' dir='ltr'>subinde</span> <span class='ocrx_word' id='word_1_16' title='bbox 669 420 820 492; x_wconf 89' lang='lat' dir='ltr'>neglectus,</span> <span class='ocrx_word' id='word_1_17' title='bbox 835 419 956 475; x_wconf 90' lang='lat' dir='ltr'>omnium</span> 
     </span>
     <span class='ocr_line' id='line_1_4' title="bbox 155 510 958 575; baseline -0.011 0"><span class='ocrx_word' id='word_1_18' title='bbox 155 532 222 575; x_wconf 90' lang='lat' dir='ltr'>vero</span> <span class='ocrx_word' id='word_1_19' title='bbox 235 517 352 573; x_wconf 85' lang='lat' dir='ltr'>masline</span> <span class='ocrx_word' id='word_1_20' title='bbox 366 515 544 574; x_wconf 89' lang='lat' dir='ltr'>deliramenta</span> <span class='ocrx_word' id='word_1_21' title='bbox 565 529 693 570; x_wconf 87' lang='lat' dir='ltr'>manuum</span> <span class='ocrx_word' id='word_1_22' title='bbox 708 514 856 570; x_wconf 89' lang='lat' dir='ltr'>otiosarum</span> <span class='ocrx_word' id='word_1_23' title='bbox 869 527 904 569; x_wconf 92' lang='lat' dir='ltr'>ne</span> <span class='ocrx_word' id='word_1_24' title='bbox 916 510 958 567; x_wconf 90' lang='lat' dir='ltr'>in·</span> 
     </span>
     <span class='ocr_line' id='line_1_5' title="bbox 157 605 956 682; baseline -0.011 -14"><span class='ocrx_word' id='word_1_25' title='bbox 157 612 356 674; x_wconf 87' lang='lat' dir='ltr'>rerocssissent,</span> <span class='ocrx_word' id='word_1_26' title='bbox 370 609 517 682; x_wconf 85' lang='lat' dir='ltr'>quominus</span> <span class='ocrx_word' id='word_1_27' title='bbox 536 606 625 664; x_wconf 90' lang='lat' dir='ltr'>adbuc</span> <span class='ocrx_word' id='word_1_28' title='bbox 639 607 773 671; x_wconf 77' lang='lat' dir='ltr'>viverent,</span> <span class='ocrx_word' id='word_1_29' title='bbox 788 616 816 663; x_wconf 91' lang='lat' dir='ltr'>et</span> <span class='ocrx_word' id='word_1_30' title='bbox 825 605 956 676; x_wconf 87' lang='lat' dir='ltr'>vigerent.</span> 
     </span>
     <span class='ocr_line' id='line_1_6' title="bbox 154 697 957 771; baseline -0.011 -9"><span class='ocrx_word' id='word_1_31' title='bbox 154 702 210 762; x_wconf 84' lang='lat' dir='ltr'>Sed</span> <span class='ocrx_word' id='word_1_32' title='bbox 224 712 284 760; x_wconf 90' lang='lat' dir='ltr'>acta</span> <span class='ocrx_word' id='word_1_33' title='bbox 297 719 340 761; x_wconf 86' lang='lat' dir='ltr'>ros</span> <span class='ocrx_word' id='word_1_34' title='bbox 351 713 393 759; x_wconf 91' lang='lat' dir='ltr'>cst</span> <span class='ocrx_word' id='word_1_35' title='bbox 408 719 415 757; x_wconf 78' lang='grc' dir='ltr'>ι</span> <span class='ocrx_word' id='word_1_36' title='bbox 430 715 481 758; x_wconf 90' lang='lat' dir='ltr'>neo</span> <span class='ocrx_word' id='word_1_37' title='bbox 494 701 601 759; x_wconf 88' lang='lat' dir='ltr'>cineres</span> <span class='ocrx_word' id='word_1_38' title='bbox 613 700 680 757; x_wconf 90' lang='lat' dir='ltr'>istos</span> <span class='ocrx_word' id='word_1_39' title='bbox 692 714 802 756; x_wconf 87' lang='lat' dir='ltr'>morere</span> <span class='ocrx_word' id='word_1_40' title='bbox 812 698 870 771; x_wconf 80' lang='lat' dir='ltr'>janu</span> <span class='ocrx_word' id='word_1_41' title='bbox 884 697 957 755; x_wconf 87' lang='lat' dir='ltr'>lieet.</span> 
     </span>
     <span class='ocr_line' id='line_1_7' title="bbox 156 787 958 868; baseline -0.012 -15"><span class='ocrx_word' id='word_1_42' title='bbox 156 796 215 868; x_wconf 79' lang='lat' dir='ltr'>Ego</span> <span class='ocrx_word' id='word_1_43' title='bbox 229 793 338 850; x_wconf 89' lang='lat' dir='ltr'>illorum</span> <span class='ocrx_word' id='word_1_44' title='bbox 356 808 409 849; x_wconf 91' lang='grc' dir='ltr'>ιιοιι</span> <span class='ocrx_word' id='word_1_45' title='bbox 426 806 525 864; x_wconf 89' lang='lat' dir='ltr'>pauca,</span> <span class='ocrx_word' id='word_1_46' title='bbox 540 807 575 849; x_wconf 90' lang='lat' dir='ltr'>ne</span> <span class='ocrx_word' id='word_1_47' title='bbox 589 791 724 847; x_wconf 89' lang='lat' dir='ltr'>lortunam</span> <span class='ocrx_word' id='word_1_48' title='bbox 738 789 863 847; x_wconf 82' lang='lat' dir='ltr'>eamdent</span> <span class='ocrx_word' id='word_1_49' title='bbox 882 787 958 844; x_wconf 89' lang='lat' dir='ltr'>subi·</span> 
     </span>
     <span class='ocr_line' id='line_1_8' title="bbox 156 881 958 957; baseline -0.015 -11"><span class='ocrx_word' id='word_1_50' title='bbox 156 897 217 946; x_wconf 91' lang='lat' dir='ltr'>rent</span> <span class='ocrx_word' id='word_1_51' title='bbox 233 902 293 944; x_wconf 84' lang='lat' dir='ltr'>ntea</span> <span class='ocrx_word' id='word_1_52' title='bbox 305 901 389 943; x_wconf 79' lang='lat' dir='ltr'>nrrrnu</span> <span class='ocrx_word' id='word_1_53' title='bbox 404 885 552 957; x_wconf 89' lang='lat' dir='ltr'>descripta,</span> <span class='ocrx_word' id='word_1_54' title='bbox 566 884 593 940; x_wconf 92' lang='lat' dir='ltr'>in</span> <span class='ocrx_word' id='word_1_55' title='bbox 608 882 771 941; x_wconf 76' lang='lat' dir='ltr'>Adversaris</span> <span class='ocrx_word' id='word_1_56' title='bbox 788 881 933 938; x_wconf 73' lang='lat' dir='ltr'>retuleram</span> <span class='ocrx_word' id='word_1_57' title='bbox 950 896 958 934; x_wconf 74' lang='grc' dir='ltr'>ι</span> 
     </span>
     <span class='ocr_line' id='line_1_9' title="bbox 155 972 960 1048; baseline -0.01 -12"><span class='ocrx_word' id='word_1_58' title='bbox 155 980 280 1036; x_wconf 87' lang='lat' dir='ltr'>editurus</span> <span class='ocrx_word' id='word_1_59' title='bbox 293 977 451 1048; x_wconf 85' lang='lat' dir='ltr'>aliquando,</span> <span class='ocrx_word' id='word_1_60' title='bbox 462 977 485 1033; x_wconf 90' lang='lat' dir='ltr'>si</span> <span class='ocrx_word' id='word_1_61' title='bbox 496 977 562 1043; x_wconf 90' lang='lat' dir='ltr'>vita,</span> <span class='ocrx_word' id='word_1_62' title='bbox 575 976 703 1048; x_wconf 89' lang='lat' dir='ltr'>viresqne</span> <span class='ocrx_word' id='word_1_63' title='bbox 715 982 902 1046; x_wconf 73' lang='lat' dir='ltr'>superessent.</span> <span class='ocrx_word' id='word_1_64' title='bbox 917 972 960 1028; x_wconf 58' lang='lat' dir='ltr'>lsi·</span> 
     </span>
     <span class='ocr_line' id='line_1_10' title="bbox 152 1066 960 1145; baseline -0.009 -15"><span class='ocrx_word' id='word_1_65' title='bbox 152 1083 199 1131; x_wconf 87' lang='lat' dir='ltr'>eet</span> <span class='ocrx_word' id='word_1_66' title='bbox 211 1083 304 1145; x_wconf 92' lang='lat' dir='ltr'>postca</span> <span class='ocrx_word' id='word_1_67' title='bbox 318 1088 391 1129; x_wconf 75' lang='lat' dir='ltr'>curae</span> <span class='ocrx_word' id='word_1_68' title='bbox 407 1071 480 1137; x_wconf 85' lang='lat' dir='ltr'>alim,</span> <span class='ocrx_word' id='word_1_69' title='bbox 503 1086 571 1127; x_wconf 88' lang='lat' dir='ltr'>nova</span> <span class='ocrx_word' id='word_1_70' title='bbox 587 1069 687 1133; x_wconf 87' lang='lat' dir='ltr'>studia,</span> <span class='ocrx_word' id='word_1_71' title='bbox 704 1078 733 1125; x_wconf 93' lang='lat' dir='ltr'>et</span> <span class='ocrx_word' id='word_1_72' title='bbox 751 1068 839 1124; x_wconf 83' lang='lat' dir='ltr'>luxata</span> <span class='ocrx_word' id='word_1_73' title='bbox 861 1068 887 1123; x_wconf 91' lang='lat' dir='ltr'>in</span> <span class='ocrx_word' id='word_1_74' title='bbox 899 1066 960 1123; x_wconf 89' lang='lat' dir='ltr'>dics</span> 
     </span>
     <span class='ocr_line' id='line_1_11' title="bbox 153 1155 959 1238; baseline -0.006 -15"><span class='ocrx_word' id='word_1_75' title='bbox 153 1166 294 1234; x_wconf 87' lang='lat' dir='ltr'>valetudo,</span> <span class='ocrx_word' id='word_1_76' title='bbox 305 1182 366 1238; x_wconf 72' lang='lat' dir='ltr'>qnae</span> <span class='ocrx_word' id='word_1_77' title='bbox 380 1181 425 1221; x_wconf 91' lang='lat' dir='ltr'>mc</span> <span class='ocrx_word' id='word_1_78' title='bbox 439 1182 516 1237; x_wconf 89' lang='lat' dir='ltr'>spent</span> <span class='ocrx_word' id='word_1_79' title='bbox 532 1174 606 1222; x_wconf 89' lang='lat' dir='ltr'>vetat</span> <span class='ocrx_word' id='word_1_80' title='bbox 619 1163 747 1221; x_wconf 88' lang='lat' dir='ltr'>inchoare</span> <span class='ocrx_word' id='word_1_81' title='bbox 758 1155 876 1234; x_wconf 81' lang='lat' dir='ltr'>longam,</span> <span class='ocrx_word' id='word_1_82' title='bbox 891 1180 959 1232; x_wconf 75' lang='lat' dir='ltr'>prse-</span> 
     </span>
     <span class='ocr_line' id='line_1_12' title="bbox 156 1255 958 1326; baseline -0.009 -12"><span class='ocrx_word' id='word_1_83' title='bbox 156 1260 237 1315; x_wconf 89' lang='lat' dir='ltr'>terita</span> <span class='ocrx_word' id='word_1_84' title='bbox 250 1258 364 1314; x_wconf 90' lang='lat' dir='ltr'>consilia</span> <span class='ocrx_word' id='word_1_85' title='bbox 379 1256 595 1321; x_wconf 85' lang='lat' dir='ltr'>intervertcrint,</span> <span class='ocrx_word' id='word_1_86' title='bbox 611 1255 840 1326; x_wconf 85' lang='lat' dir='ltr'>excusserintqne</span> <span class='ocrx_word' id='word_1_87' title='bbox 852 1255 885 1311; x_wconf 92' lang='lat' dir='ltr'>dc</span> <span class='ocrx_word' id='word_1_88' title='bbox 899 1271 958 1310; x_wconf 86' lang='lat' dir='ltr'>nra-</span> 
     </span>
     <span class='ocr_line' id='line_1_13' title="bbox 156 1350 957 1420; baseline -0.012 -7"><span class='ocrx_word' id='word_1_89' title='bbox 156 1356 245 1414; x_wconf 89' lang='lat' dir='ltr'>nibns.</span> <span class='ocrx_word' id='word_1_90' title='bbox 262 1354 316 1411; x_wconf 88' lang='lat' dir='ltr'>Sed</span> <span class='ocrx_word' id='word_1_91' title='bbox 331 1363 360 1410; x_wconf 95' lang='lat' dir='ltr'>nt</span> <span class='ocrx_word' id='word_1_92' title='bbox 372 1353 405 1408; x_wconf 92' lang='lat' dir='ltr'>ad</span> <span class='ocrx_word' id='word_1_93' title='bbox 418 1368 476 1410; x_wconf 87' lang='lat' dir='ltr'>reru</span> <span class='ocrx_word' id='word_1_94' title='bbox 492 1362 613 1409; x_wconf 86' lang='lat' dir='ltr'>nostram</span> <span class='ocrx_word' id='word_1_95' title='bbox 627 1351 749 1416; x_wconf 89' lang='lat' dir='ltr'>redeam,</span> <span class='ocrx_word' id='word_1_96' title='bbox 764 1351 835 1407; x_wconf 82' lang='lat' dir='ltr'>inter·</span> <span class='ocrx_word' id='word_1_97' title='bbox 847 1367 894 1420; x_wconf 76' lang='lat' dir='ltr'>qna</span> <span class='ocrx_word' id='word_1_98' title='bbox 905 1350 957 1405; x_wconf 84' lang='lat' dir='ltr'>luta</span> 
     </span>
     <span class='ocr_line' id='line_1_14' title="bbox 153 1441 957 1516; baseline -0.015 -12"><span class='ocrx_word' id='word_1_99' title='bbox 153 1454 328 1505; x_wconf 84' lang='lat' dir='ltr'>ritorvnuienta</span> <span class='ocrx_word' id='word_1_100' title='bbox 347 1445 456 1516; x_wconf 83' lang='lat' dir='ltr'>jacebat</span> <span class='ocrx_word' id='word_1_101' title='bbox 469 1444 557 1501; x_wconf 82' lang='lat' dir='ltr'>codes</span> <span class='ocrx_word' id='word_1_102' title='bbox 575 1453 722 1515; x_wconf 86' lang='lat' dir='ltr'>argenteus</span> <span class='ocrx_word' id='word_1_103' title='bbox 736 1441 957 1514; x_wconf 83' lang='lat' dir='ltr'>Evavrgelinrrnn‚</span> 
     </span>
     <span class='ocr_line' id='line_1_15' title="bbox 152 1532 959 1613; baseline -0.011 -17"><span class='ocrx_word' id='word_1_104' title='bbox 152 1556 234 1613; x_wconf 86' lang='lat' dir='ltr'>quern</span> <span class='ocrx_word' id='word_1_105' title='bbox 248 1537 435 1609; x_wconf 74' lang='lat' dir='ltr'>virgines-illu·</span> <span class='ocrx_word' id='word_1_106' title='bbox 455 1535 620 1593; x_wconf 87' lang='lat' dir='ltr'>breviarium</span> <span class='ocrx_word' id='word_1_107' title='bbox 641 1537 722 1592; x_wconf 76' lang='lat' dir='ltr'>basac</span> <span class='ocrx_word' id='word_1_108' title='bbox 743 1535 843 1606; x_wconf 80' lang='lat' dir='ltr'>regin-n</span> <span class='ocrx_word' id='word_1_109' title='bbox 865 1532 959 1604; x_wconf 91' lang='lat' dir='ltr'>appel·</span> 
     </span>
     <span class='ocr_line' id='line_1_16' title="bbox 155 1627 960 1691; baseline -0.016 0"><span class='ocrx_word' id='word_1_110' title='bbox 155 1635 217 1691; x_wconf 90' lang='lat' dir='ltr'>lare</span> <span class='ocrx_word' id='word_1_111' title='bbox 227 1633 361 1690; x_wconf 89' lang='lat' dir='ltr'>solebant.</span> <span class='ocrx_word' id='word_1_112' title='bbox 378 1631 455 1686; x_wconf 86' lang='lat' dir='ltr'>llurrc</span> <span class='ocrx_word' id='word_1_113' title='bbox 465 1629 532 1687; x_wconf 93' lang='lat' dir='ltr'>mibi</span> <span class='ocrx_word' id='word_1_114' title='bbox 542 1627 728 1685; x_wconf 89' lang='lat' dir='ltr'>aconsobrina</span> <span class='ocrx_word' id='word_1_115' title='bbox 742 1643 801 1683; x_wconf 84' lang='lat' dir='ltr'>mea</span> <span class='ocrx_word' id='word_1_116' title='bbox 817 1634 960 1683; x_wconf 77' lang='lat' dir='ltr'>brucleni·</span> 
     </span>
    </p>
   </div>
   <div class='ocr_carea' id='block_1_3' title="bbox 1008 308 1853 1704">
    <p class='ocr_par' dir='ltr' id='par_1_3' title="bbox 1008 308 1853 1704">
     <span class='ocr_line' id='line_1_17' title="bbox 1009 308 1853 411; baseline 0.014 -26"><span class='ocrx_word' id='word_1_117' title='bbox 1009 336 1038 385; x_wconf 91' lang='lat' dir='ltr'>ct</span> <span class='ocrx_word' id='word_1_118' title='bbox 1050 329 1194 402; x_wconf 87' lang='lat' dir='ltr'>tetraplnm</span> <span class='ocrx_word' id='word_1_119' title='bbox 1211 329 1286 397; x_wconf 91' lang='lat' dir='ltr'>illud,</span> <span class='ocrx_word' id='word_1_120' title='bbox 1303 330 1375 403; x_wconf 94' lang='lat' dir='ltr'>quod</span> <span class='ocrx_word' id='word_1_121' title='bbox 1391 332 1417 388; x_wconf 93' lang='lat' dir='ltr'>in</span> <span class='ocrx_word' id='word_1_122' title='bbox 1432 343 1556 392; x_wconf 82' lang='lat' dir='ltr'>extremo</span> <span class='ocrx_word' id='word_1_123' title='bbox 1573 308 1657 395; x_wconf 74' lang='lat' dir='ltr'>limbo</span> <span class='ocrx_word' id='word_1_124' title='bbox 1675 337 1810 411; x_wconf 81' lang='lat' dir='ltr'>cujusque</span> <span class='ocrx_word' id='word_1_125' title='bbox 1847 315 1853 321; x_wconf 46' lang='grc'><strong>’</strong></span> 
     </span>
     <span class='ocr_line' id='line_1_18' title="bbox 1009 421 1811 503; baseline 0.019 -27"><span class='ocrx_word' id='word_1_126' title='bbox 1009 421 1115 493; x_wconf 77' lang='lat' dir='ltr'>paginas</span> <span class='ocrx_word' id='word_1_127' title='bbox 1137 424 1268 491; x_wconf 88' lang='lat' dir='ltr'>cernitur,</span> <span class='ocrx_word' id='word_1_128' title='bbox 1288 434 1418 497; x_wconf 88' lang='lat' dir='ltr'>argenteo</span> <span class='ocrx_word' id='word_1_129' title='bbox 1440 427 1557 499; x_wconf 92' lang='lat' dir='ltr'>quodam</span> <span class='ocrx_word' id='word_1_130' title='bbox 1583 428 1723 503; x_wconf 89' lang='lat' dir='ltr'>pigmento</span> <span class='ocrx_word' id='word_1_131' title='bbox 1744 441 1811 491; x_wconf 89' lang='lat' dir='ltr'>sunt</span> 
     </span>
     <span class='ocr_line' id='line_1_19' title="bbox 1010 506 1810 584; baseline 0.019 -16"><span class='ocrx_word' id='word_1_132' title='bbox 1010 511 1050 568; x_wconf 92' lang='lat' dir='ltr'>liti</span> <span class='ocrx_word' id='word_1_133' title='bbox 1065 529 1072 568; x_wconf 82' lang='grc' dir='ltr'>ι</span> <span class='ocrx_word' id='word_1_134' title='bbox 1086 511 1164 584; x_wconf 82' lang='lat' dir='ltr'>cuijus</span> <span class='ocrx_word' id='word_1_135' title='bbox 1184 522 1275 571; x_wconf 70' lang='lat' dir='ltr'>umen</span> <span class='ocrx_word' id='word_1_136' title='bbox 1291 516 1366 573; x_wconf 91' lang='lat' dir='ltr'>color</span> <span class='ocrx_word' id='word_1_137' title='bbox 1381 506 1513 576; x_wconf 86' lang='lat' dir='ltr'>multis&#39;in</span> <span class='ocrx_word' id='word_1_138' title='bbox 1527 519 1594 578; x_wconf 87' lang='lat' dir='ltr'>loeis</span> <span class='ocrx_word' id='word_1_139' title='bbox 1614 524 1747 582; x_wconf 82' lang='lat' dir='ltr'>evanidus</span> <span class='ocrx_word' id='word_1_140' title='bbox 1759 541 1810 583; x_wconf 91' lang='lat' dir='ltr'>au-</span> 
     </span>
     <span class='ocr_line' id='line_1_20' title="bbox 1009 606 1808 685; baseline 0.018 -23"><span class='ocrx_word' id='word_1_141' title='bbox 1009 621 1084 662; x_wconf 89' lang='lat' dir='ltr'>reurn</span> <span class='ocrx_word' id='word_1_142' title='bbox 1095 606 1215 676; x_wconf 88' lang='lat' dir='ltr'>simulat,</span> <span class='ocrx_word' id='word_1_143' title='bbox 1228 608 1351 682; x_wconf 88' lang='lat' dir='ltr'>lallitque</span> <span class='ocrx_word' id='word_1_144' title='bbox 1365 611 1417 668; x_wconf 91' lang='lat' dir='ltr'>nisi</span> <span class='ocrx_word' id='word_1_145' title='bbox 1430 620 1534 669; x_wconf 88' lang='lat' dir='ltr'>attente</span> <span class='ocrx_word' id='word_1_146' title='bbox 1545 614 1714 685; x_wconf 85' lang='lat' dir='ltr'>inspiciatur.</span> <span class='ocrx_word' id='word_1_147' title='bbox 1727 617 1808 677; x_wconf 83' lang='lat' dir='ltr'>Unde</span> 
     </span>
     <span class='ocr_line' id='line_1_21' title="bbox 1008 700 1811 781; baseline 0.015 -24"><span class='ocrx_word' id='word_1_148' title='bbox 1008 707 1037 757; x_wconf 91' lang='lat' dir='ltr'>ct</span> <span class='ocrx_word' id='word_1_149' title='bbox 1048 715 1099 758; x_wconf 91' lang='lat' dir='ltr'>nos</span> <span class='ocrx_word' id='word_1_150' title='bbox 1112 700 1177 757; x_wconf 91' lang='lat' dir='ltr'>olim</span> <span class='ocrx_word' id='word_1_151' title='bbox 1192 701 1314 759; x_wconf 81' lang='lat' dir='ltr'>codicem</span> <span class='ocrx_word' id='word_1_152' title='bbox 1329 718 1440 761; x_wconf 84' lang='lat' dir='ltr'>aureum</span> <span class='ocrx_word' id='word_1_153' title='bbox 1451 707 1627 765; x_wconf 84' lang='lat' dir='ltr'>vocabamus.</span> <span class='ocrx_word' id='word_1_154' title='bbox 1637 707 1811 781; x_wconf 87' lang='lat' dir='ltr'>Pigmentuur</span> 
     </span>
     <span class='ocr_line' id='line_1_22' title="bbox 1009 792 1808 878; baseline 0.015 -30"><span class='ocrx_word' id='word_1_155' title='bbox 1009 792 1075 850; x_wconf 92' lang='lat' dir='ltr'>illud</span> <span class='ocrx_word' id='word_1_156' title='bbox 1090 796 1172 851; x_wconf 91' lang='lat' dir='ltr'>modo</span> <span class='ocrx_word' id='word_1_157' title='bbox 1193 795 1274 865; x_wconf 75' lang='lat' dir='ltr'>lacre,</span> <span class='ocrx_word' id='word_1_158' title='bbox 1296 813 1368 854; x_wconf 91' lang='lat' dir='ltr'>nuno</span> <span class='ocrx_word' id='word_1_159' title='bbox 1386 813 1532 868; x_wconf 86' lang='lat' dir='ltr'>crassum,</span> <span class='ocrx_word' id='word_1_160' title='bbox 1553 801 1735 878; x_wconf 70' lang='lat' dir='ltr'>scelerumque</span> <span class='ocrx_word' id='word_1_161' title='bbox 1754 816 1808 862; x_wconf 89' lang='lat' dir='ltr'>est.</span> 
     </span>
     <span class='ocr_line' id='line_1_23' title="bbox 1008 882 1810 962; baseline 0.015 -20"><span class='ocrx_word' id='word_1_162' title='bbox 1008 882 1076 942; x_wconf 79' lang='lat' dir='ltr'>Sine</span> <span class='ocrx_word' id='word_1_163' title='bbox 1090 885 1143 943; x_wconf 87' lang='lat' dir='ltr'>lroc</span> <span class='ocrx_word' id='word_1_164' title='bbox 1156 885 1263 944; x_wconf 86' lang='lat' dir='ltr'>diversa</span> <span class='ocrx_word' id='word_1_165' title='bbox 1273 888 1486 947; x_wconf 88' lang='lat' dir='ltr'>illuminatorum</span> <span class='ocrx_word' id='word_1_166' title='bbox 1501 907 1612 962; x_wconf 85' lang='lat' dir='ltr'>uranus,</span> <span class='ocrx_word' id='word_1_167' title='bbox 1632 909 1681 952; x_wconf 91' lang='lat' dir='ltr'>seu</span> <span class='ocrx_word' id='word_1_168' title='bbox 1696 900 1810 956; x_wconf 87' lang='lat' dir='ltr'>materia</span> 
     </span>
     <span class='ocr_line' id='line_1_24' title="bbox 1009 977 1808 1063; baseline 0.02 -31"><span class='ocrx_word' id='word_1_169' title='bbox 1009 977 1085 1049; x_wconf 85' lang='lat' dir='ltr'>ipsa,</span> <span class='ocrx_word' id='word_1_170' title='bbox 1104 988 1151 1033; x_wconf 89' lang='lat' dir='ltr'>aut</span> <span class='ocrx_word' id='word_1_171' title='bbox 1168 978 1277 1036; x_wconf 88' lang='lat' dir='ltr'>demum</span> <span class='ocrx_word' id='word_1_172' title='bbox 1294 981 1430 1051; x_wconf 75' lang='lat' dir='ltr'>pennicilli</span> <span class='ocrx_word' id='word_1_173' title='bbox 1449 985 1636 1053; x_wconf 71' lang='lat' dir='ltr'>prestiterim.</span> <span class='ocrx_word' id='word_1_174' title='bbox 1651 985 1808 1063; x_wconf 84' lang='lat' dir='ltr'>Utcumque</span> 
     </span>
     <span class='ocr_line' id='line_1_25' title="bbox 1009 1063 1812 1144; baseline 0.017 -19"><span class='ocrx_word' id='word_1_175' title='bbox 1009 1069 1082 1125; x_wconf 87' lang='lat' dir='ltr'>enirn</span> <span class='ocrx_word' id='word_1_176' title='bbox 1104 1071 1201 1141; x_wconf 86' lang='lat' dir='ltr'>pennis</span> <span class='ocrx_word' id='word_1_177' title='bbox 1222 1072 1312 1127; x_wconf 85' lang='lat' dir='ltr'>avium</span> <span class='ocrx_word' id='word_1_178' title='bbox 1334 1071 1487 1144; x_wconf 86' lang='lat' dir='ltr'>descriptos</span> <span class='ocrx_word' id='word_1_179' title='bbox 1506 1074 1589 1132; x_wconf 79' lang='lat' dir='ltr'>luisse</span> <span class='ocrx_word' id='word_1_180' title='bbox 1607 1077 1715 1135; x_wconf 83' lang='lat' dir='ltr'>codices</span> <span class='ocrx_word' id='word_1_181' title='bbox 1742 1063 1812 1139; x_wconf 85' lang='lat' dir='ltr'>istos</span> 
     </span>
     <span class='ocr_line' id='line_1_26' title="bbox 1009 1163 1810 1239; baseline 0.017 -26"><span class='ocrx_word' id='word_1_182' title='bbox 1009 1174 1118 1224; x_wconf 85' lang='lat' dir='ltr'>avrrcos,</span> <span class='ocrx_word' id='word_1_183' title='bbox 1142 1169 1338 1234; x_wconf 89' lang='lat' dir='ltr'>argenteosque</span> <span class='ocrx_word' id='word_1_184' title='bbox 1353 1163 1467 1221; x_wconf 89' lang='lat' dir='ltr'>innuere</span> <span class='ocrx_word' id='word_1_185' title='bbox 1481 1165 1605 1223; x_wconf 89' lang='lat' dir='ltr'>videatur</span> <span class='ocrx_word' id='word_1_186' title='bbox 1616 1183 1698 1239; x_wconf 89' lang='lat' dir='ltr'>snpra</span> <span class='ocrx_word' id='word_1_187' title='bbox 1715 1170 1810 1227; x_wconf 88' lang='lat' dir='ltr'>landa·</span> 
     </span>
     <span class='ocr_line' id='line_1_27' title="bbox 1010 1251 1811 1338; baseline 0.014 -30"><span class='ocrx_word' id='word_1_188' title='bbox 1010 1262 1053 1308; x_wconf 91' lang='lat' dir='ltr'>lus</span> <span class='ocrx_word' id='word_1_189' title='bbox 1066 1251 1239 1310; x_wconf 85' lang='lat' dir='ltr'>llabillotvlus</span> <span class='ocrx_word' id='word_1_190' title='bbox 1252 1253 1409 1328; x_wconf 81' lang='lat' dir='ltr'>(Serpplcnr.</span> <span class='ocrx_word' id='word_1_191' title='bbox 1426 1256 1461 1310; x_wconf 84' lang='lat' dir='ltr'>nd</span> <span class='ocrx_word' id='word_1_192' title='bbox 1475 1274 1529 1338; x_wconf 79' lang='lat' dir='ltr'>rem</span> <span class='ocrx_word' id='word_1_193' title='bbox 1545 1259 1660 1325; x_wconf 73' lang='lat' dir='ltr'>bipinne.</span> <span class='ocrx_word' id='word_1_194' title='bbox 1676 1279 1738 1334; x_wconf 82' lang='lat' dir='ltr'>purg.</span> <span class='ocrx_word' id='word_1_195' title='bbox 1750 1262 1811 1333; x_wconf 72' lang='lat' dir='ltr'>bl).</span> 
     </span>
     <span class='ocr_line' id='line_1_28' title="bbox 1011 1344 1810 1424; baseline 0.013 -24"><span class='ocrx_word' id='word_1_196' title='bbox 1011 1344 1160 1401; x_wconf 85' lang='lat' dir='ltr'>beelamon</span> <span class='ocrx_word' id='word_1_197' title='bbox 1170 1345 1205 1402; x_wconf 92' lang='lat' dir='ltr'>de</span> <span class='ocrx_word' id='word_1_198' title='bbox 1217 1347 1311 1416; x_wconf 89' lang='lat' dir='ltr'>prima,</span> <span class='ocrx_word' id='word_1_199' title='bbox 1329 1359 1357 1401; x_wconf 90' lang='lat' dir='ltr'>nt</span> <span class='ocrx_word' id='word_1_200' title='bbox 1368 1348 1403 1402; x_wconf 87' lang='lat' dir='ltr'>ltu</span> <span class='ocrx_word' id='word_1_201' title='bbox 1418 1347 1548 1416; x_wconf 78' lang='lat' dir='ltr'>dixerim,</span> <span class='ocrx_word' id='word_1_202' title='bbox 1559 1366 1639 1410; x_wconf 83' lang='lat' dir='ltr'>rrtauu</span> <span class='ocrx_word' id='word_1_203' title='bbox 1653 1352 1810 1424; x_wconf 89' lang='lat' dir='ltr'>intelligen-</span> 
     </span>
     <span class='ocr_line' id='line_1_29' title="bbox 1010 1436 1814 1506; baseline 0.016 -14"><span class='ocrx_word' id='word_1_204' title='bbox 1010 1436 1074 1493; x_wconf 89' lang='lat' dir='ltr'>dum</span> <span class='ocrx_word' id='word_1_205' title='bbox 1100 1437 1240 1506; x_wconf 69' lang='lat' dir='ltr'>crispinio.</span> <span class='ocrx_word' id='word_1_206' title='bbox 1262 1438 1373 1494; x_wconf 84' lang='lat' dir='ltr'>Certum</span> <span class='ocrx_word' id='word_1_207' title='bbox 1397 1441 1469 1495; x_wconf 92' lang='lat' dir='ltr'>enitn</span> <span class='ocrx_word' id='word_1_208' title='bbox 1488 1449 1531 1498; x_wconf 86' lang='lat' dir='ltr'>est</span> <span class='ocrx_word' id='word_1_209' title='bbox 1552 1443 1701 1501; x_wconf 88' lang='lat' dir='ltr'>alibrarils</span> <span class='ocrx_word' id='word_1_210' title='bbox 1714 1445 1814 1505; x_wconf 80' lang='lat' dir='ltr'>donus</span> 
     </span>
     <span class='ocr_line' id='line_1_30' title="bbox 1011 1528 1808 1597; baseline 0.016 -15"><span class='ocrx_word' id='word_1_211' title='bbox 1011 1528 1127 1597; x_wconf 86' lang='lat' dir='ltr'>primuni</span> <span class='ocrx_word' id='word_1_212' title='bbox 1143 1538 1295 1585; x_wconf 87' lang='lat' dir='ltr'>atramento</span> <span class='ocrx_word' id='word_1_213' title='bbox 1305 1541 1469 1596; x_wconf 80' lang='lat' dir='ltr'>caracteres,</span> <span class='ocrx_word' id='word_1_214' title='bbox 1483 1546 1544 1588; x_wconf 83' lang='lat' dir='ltr'>mor</span> <span class='ocrx_word' id='word_1_215' title='bbox 1559 1533 1594 1589; x_wconf 93' lang='lat' dir='ltr'>ab</span> <span class='ocrx_word' id='word_1_216' title='bbox 1615 1535 1808 1594; x_wconf 87' lang='lat' dir='ltr'>illuminatori·</span> 
     </span>
     <span class='ocr_line' id='line_1_31' title="bbox 1012 1619 1810 1704; baseline 0.015 -28"><span class='ocrx_word' id='word_1_217' title='bbox 1012 1619 1062 1676; x_wconf 87' lang='lat' dir='ltr'>bus</span> <span class='ocrx_word' id='word_1_218' title='bbox 1081 1637 1162 1676; x_wconf 88' lang='lat' dir='ltr'>aurea</span> <span class='ocrx_word' id='word_1_219' title='bbox 1179 1622 1234 1689; x_wconf 92' lang='lat' dir='ltr'>illa,</span> <span class='ocrx_word' id='word_1_220' title='bbox 1249 1629 1296 1678; x_wconf 88' lang='lat' dir='ltr'>aut</span> <span class='ocrx_word' id='word_1_221' title='bbox 1318 1633 1445 1694; x_wconf 87' lang='lat' dir='ltr'>argentea</span> <span class='ocrx_word' id='word_1_222' title='bbox 1467 1625 1585 1683; x_wconf 82' lang='lat' dir='ltr'>mistura</span> <span class='ocrx_word' id='word_1_223' title='bbox 1608 1641 1729 1698; x_wconf 90' lang='lat' dir='ltr'>ornatos,</span> <span class='ocrx_word' id='word_1_224' title='bbox 1745 1648 1810 1704; x_wconf 81' lang='lat' dir='ltr'>qnae</span> 
     </span>
    </p>
   </div>
   <div class='ocr_carea' id='block_1_4' title="bbox 151 1712 1846 4856">
    <p class='ocr_par' dir='ltr' id='par_1_4' title="bbox 151 1712 1846 4856">
     <span class='ocr_line' id='line_1_32' title="bbox 155 1712 1813 1797; baseline 0.001 -16"><span class='ocrx_word' id='word_1_225' title='bbox 155 1723 375 1797; x_wconf 91' lang='lat' dir='ltr'>porisabbatissa</span> <span class='ocrx_word' id='word_1_226' title='bbox 385 1719 506 1777; x_wconf 91' lang='lat' dir='ltr'>oblatum</span> <span class='ocrx_word' id='word_1_227' title='bbox 517 1735 578 1777; x_wconf 93' lang='lat' dir='ltr'>cum</span> <span class='ocrx_word' id='word_1_228' title='bbox 589 1719 729 1785; x_wconf 77' lang='lat' dir='ltr'>uidissem,</span> <span class='ocrx_word' id='word_1_229' title='bbox 751 1726 857 1789; x_wconf 91' lang='lat' dir='ltr'>atqnee</span> <span class='ocrx_word' id='word_1_230' title='bbox 868 1717 960 1774; x_wconf 88' lang='lat' dir='ltr'>limine</span> <span class='ocrx_word' id='word_1_231' title='bbox 976 1721 998 1780; x_wconf 83' lang='grc' dir='ltr'><strong><em>Β</em></strong></span> <span class='ocrx_word' id='word_1_232' title='bbox 1012 1712 1134 1784; x_wconf 87' lang='lat' dir='ltr'>prolecto</span> <span class='ocrx_word' id='word_1_233' title='bbox 1153 1715 1250 1786; x_wconf 91' lang='lat' dir='ltr'>pennis</span> <span class='ocrx_word' id='word_1_234' title='bbox 1266 1714 1342 1773; x_wconf 88' lang='lat' dir='ltr'>reddi</span> <span class='ocrx_word' id='word_1_235' title='bbox 1355 1729 1409 1772; x_wconf 92' lang='lat' dir='ltr'>non</span> <span class='ocrx_word' id='word_1_236' title='bbox 1425 1727 1540 1789; x_wconf 90' lang='lat' dir='ltr'>poterat.</span> <span class='ocrx_word' id='word_1_237' title='bbox 1555 1720 1592 1778; x_wconf 90' lang='lat' dir='ltr'>lta</span> <span class='ocrx_word' id='word_1_238' title='bbox 1608 1725 1695 1794; x_wconf 89' lang='lat' dir='ltr'>spissa</span> <span class='ocrx_word' id='word_1_239' title='bbox 1707 1727 1813 1783; x_wconf 86' lang='lat' dir='ltr'>cstaii-</span> 
     </span>
     <span class='ocr_line' id='line_1_33' title="bbox 156 1805 1811 1887; baseline -0.002 -12"><span class='ocrx_word' id='word_1_240' title='bbox 156 1825 262 1876; x_wconf 91' lang='lat' dir='ltr'>tantum</span> <span class='ocrx_word' id='word_1_241' title='bbox 275 1815 449 1880; x_wconf 75' lang='lat' dir='ltr'>salutassem,</span> <span class='ocrx_word' id='word_1_242' title='bbox 466 1811 633 1870; x_wconf 75' lang='lat' dir='ltr'>membranis</span> <span class='ocrx_word' id='word_1_243' title='bbox 644 1812 706 1868; x_wconf 87' lang='lat' dir='ltr'>aliis</span> <span class='ocrx_word' id='word_1_244' title='bbox 720 1811 852 1879; x_wconf 88' lang='lat' dir='ltr'>intentus,</span> <span class='ocrx_word' id='word_1_245' title='bbox 866 1811 960 1882; x_wconf 92' lang='lat' dir='ltr'>impc-</span> <span class='ocrx_word' id='word_1_246' title='bbox 1010 1805 1083 1872; x_wconf 91' lang='lat' dir='ltr'>cubi,</span> <span class='ocrx_word' id='word_1_247' title='bbox 1096 1820 1128 1862; x_wconf 68' lang='lat' dir='ltr'>ic</span> <span class='ocrx_word' id='word_1_248' title='bbox 1140 1807 1296 1877; x_wconf 85' lang='lat' dir='ltr'>prominens</span> <span class='ocrx_word' id='word_1_249' title='bbox 1310 1824 1326 1864; x_wconf 91' lang='lat' dir='ltr'>e</span> <span class='ocrx_word' id='word_1_250' title='bbox 1339 1810 1659 1887; x_wconf 69' lang='lat' dir='ltr'>irrombranisprncipne</span> <span class='ocrx_word' id='word_1_251' title='bbox 1670 1818 1697 1873; x_wconf 92' lang='lat' dir='ltr'>in</span> <span class='ocrx_word' id='word_1_252' title='bbox 1710 1817 1811 1887; x_wconf 68' lang='lat' dir='ltr'>llarcm</span> 
     </span>
     <span class='ocr_line' id='line_1_34' title="bbox 155 1899 1814 1984; baseline 0 -15"><span class='ocrx_word' id='word_1_253' title='bbox 155 1912 224 1969; x_wconf 85' lang='lat' dir='ltr'>trani</span> <span class='ocrx_word' id='word_1_254' title='bbox 245 1919 339 1983; x_wconf 82' lang='lat' dir='ltr'>postea</span> <span class='ocrx_word' id='word_1_255' title='bbox 356 1926 364 1965; x_wconf 83' lang='lat' dir='ltr'>r</span> <span class='ocrx_word' id='word_1_256' title='bbox 381 1916 436 1965; x_wconf 92' lang='lat' dir='ltr'>tum</span> <span class='ocrx_word' id='word_1_257' title='bbox 449 1915 479 1964; x_wconf 92' lang='lat' dir='ltr'>ut</span> <span class='ocrx_word' id='word_1_258' title='bbox 499 1906 685 1979; x_wconf 89' lang='lat' dir='ltr'>supradictum</span> <span class='ocrx_word' id='word_1_259' title='bbox 703 1907 843 1976; x_wconf 79' lang='lat' dir='ltr'>specimen</span> <span class='ocrx_word' id='word_1_260' title='bbox 868 1907 959 1965; x_wconf 79' lang='lat' dir='ltr'>mitte·</span> <span class='ocrx_word' id='word_1_261' title='bbox 1010 1899 1106 1971; x_wconf 89' lang='lat' dir='ltr'>inquo</span> <span class='ocrx_word' id='word_1_262' title='bbox 1124 1910 1152 1957; x_wconf 91' lang='lat' dir='ltr'>et</span> <span class='ocrx_word' id='word_1_263' title='bbox 1172 1918 1292 1958; x_wconf 88' lang='lat' dir='ltr'>rnnscarn</span> <span class='ocrx_word' id='word_1_264' title='bbox 1306 1903 1410 1974; x_wconf 88' lang='lat' dir='ltr'>glutine</span> <span class='ocrx_word' id='word_1_265' title='bbox 1432 1905 1481 1960; x_wconf 91' lang='lat' dir='ltr'>illu</span> <span class='ocrx_word' id='word_1_266' title='bbox 1508 1909 1698 1978; x_wconf 85' lang='lat' dir='ltr'>circumlitam,</span> <span class='ocrx_word' id='word_1_267' title='bbox 1727 1919 1814 1984; x_wconf 89' lang='lat' dir='ltr'>atquo</span> 
     </span>
     <span class='ocr_line' id='line_1_35' title="bbox 155 1992 1812 2075; baseline -0.001 -12"><span class='ocrx_word' id='word_1_268' title='bbox 155 2018 216 2063; x_wconf 89' lang='lat' dir='ltr'>rem</span> <span class='ocrx_word' id='word_1_269' title='bbox 228 2013 325 2075; x_wconf 90' lang='lat' dir='ltr'>patruo</span> <span class='ocrx_word' id='word_1_270' title='bbox 335 2011 391 2069; x_wconf 92' lang='lat' dir='ltr'>tuo,</span> <span class='ocrx_word' id='word_1_271' title='bbox 404 2002 463 2072; x_wconf 90' lang='lat' dir='ltr'>qui,</span> <span class='ocrx_word' id='word_1_272' title='bbox 479 2015 605 2072; x_wconf 78' lang='lat' dir='ltr'>purpurae</span> <span class='ocrx_word' id='word_1_273' title='bbox 616 1999 730 2070; x_wconf 87' lang='lat' dir='ltr'>insignia</span> <span class='ocrx_word' id='word_1_274' title='bbox 741 1997 959 2057; x_wconf 85' lang='lat' dir='ltr'>eminentissimo</span> <span class='ocrx_word' id='word_1_275' title='bbox 1010 1992 1146 2048; x_wconf 82' lang='lat' dir='ltr'>inretitam</span> <span class='ocrx_word' id='word_1_276' title='bbox 1173 1993 1263 2051; x_wconf 88' lang='lat' dir='ltr'>adbuc</span> <span class='ocrx_word' id='word_1_277' title='bbox 1286 1994 1417 2066; x_wconf 83' lang='lat' dir='ltr'>irrtegram</span> <span class='ocrx_word' id='word_1_278' title='bbox 1443 1998 1606 2056; x_wconf 89' lang='lat' dir='ltr'>invenimus.</span> <span class='ocrx_word' id='word_1_279' title='bbox 1636 2001 1713 2060; x_wconf 91' lang='lat' dir='ltr'>llnde</span> <span class='ocrx_word' id='word_1_280' title='bbox 1745 2005 1812 2061; x_wconf 85' lang='lat' dir='ltr'>otini</span> 
     </span>
     <span class='ocr_line' id='line_1_36' title="bbox 154 2083 1807 2161; baseline -0.002 -6"><span class='ocrx_word' id='word_1_281' title='bbox 154 2096 252 2155; x_wconf 83' lang='lat' dir='ltr'>loanni</span> <span class='ocrx_word' id='word_1_282' title='bbox 268 2095 415 2152; x_wconf 83' lang='lat' dir='ltr'>Franciseo</span> <span class='ocrx_word' id='word_1_283' title='bbox 425 2093 576 2150; x_wconf 87' lang='lat' dir='ltr'>Barbadico</span> <span class='ocrx_word' id='word_1_284' title='bbox 587 2108 648 2149; x_wconf 86' lang='lat' dir='ltr'>cuna</span> <span class='ocrx_word' id='word_1_285' title='bbox 660 2091 812 2161; x_wconf 88' lang='lat' dir='ltr'>detulisset,</span> <span class='ocrx_word' id='word_1_286' title='bbox 825 2094 901 2149; x_wconf 93' lang='lat' dir='ltr'>lllnm</span> <span class='ocrx_word' id='word_1_287' title='bbox 914 2109 959 2149; x_wconf 83' lang='lat' dir='ltr'>rio</span> <span class='ocrx_word' id='word_1_288' title='bbox 1007 2083 1188 2155; x_wconf 71' lang='grc'><strong>1011111111111,</strong></span> <span class='ocrx_word' id='word_1_289' title='bbox 1203 2084 1331 2142; x_wconf 72' lang='grc'><strong>0111111111</strong></span> <span class='ocrx_word' id='word_1_290' title='bbox 1346 2087 1417 2143; x_wconf 77' lang='grc'><strong>1111111</strong></span> <span class='ocrx_word' id='word_1_291' title='bbox 1430 2099 1525 2147; x_wconf 80' lang='lat' dir='ltr'>estate</span> <span class='ocrx_word' id='word_1_292' title='bbox 1539 2092 1693 2151; x_wconf 85' lang='lat' dir='ltr'>absolutum</span> <span class='ocrx_word' id='word_1_293' title='bbox 1709 2095 1807 2154; x_wconf 88' lang='lat' dir='ltr'>luisse.</span> 
     </span>
     <span class='ocr_line' id='line_1_37' title="bbox 152 2179 1806 2259; baseline 0.001 -13"><span class='ocrx_word' id='word_1_294' title='bbox 152 2189 272 2255; x_wconf 84' lang='lat' dir='ltr'>lviscurn,</span> <span class='ocrx_word' id='word_1_295' title='bbox 286 2189 330 2259; x_wconf 91' lang='lat' dir='ltr'>qni</span> <span class='ocrx_word' id='word_1_296' title='bbox 344 2187 368 2243; x_wconf 88' lang='lat' dir='ltr'>ci</span> <span class='ocrx_word' id='word_1_297' title='bbox 384 2187 511 2252; x_wconf 87' lang='lat' dir='ltr'>comites,</span> <span class='ocrx_word' id='word_1_298' title='bbox 523 2185 636 2242; x_wconf 90' lang='lat' dir='ltr'>honoris</span> <span class='ocrx_word' id='word_1_299' title='bbox 652 2199 734 2241; x_wconf 85' lang='lat' dir='ltr'>causa</span> <span class='ocrx_word' id='word_1_300' title='bbox 748 2227 756 2253; x_wconf 97' lang='lat'>,</span> <span class='ocrx_word' id='word_1_301' title='bbox 772 2184 807 2242; x_wconf 90' lang='lat' dir='ltr'>ab</span> <span class='ocrx_word' id='word_1_302' title='bbox 820 2186 959 2241; x_wconf 88' lang='lat' dir='ltr'>immanis·</span> <span class='ocrx_word' id='word_1_303' title='bbox 1009 2179 1086 2236; x_wconf 83' lang='lat' dir='ltr'>Turre</span> <span class='ocrx_word' id='word_1_304' title='bbox 1096 2179 1169 2237; x_wconf 90' lang='lat' dir='ltr'>enirn</span> <span class='ocrx_word' id='word_1_305' title='bbox 1186 2179 1290 2238; x_wconf 77' lang='lat' dir='ltr'>lucilius</span> <span class='ocrx_word' id='word_1_306' title='bbox 1311 2193 1452 2239; x_wconf 86' lang='lat' dir='ltr'>arescente</span> <span class='ocrx_word' id='word_1_307' title='bbox 1468 2185 1581 2255; x_wconf 86' lang='lat' dir='ltr'>pictura,</span> <span class='ocrx_word' id='word_1_308' title='bbox 1599 2188 1645 2244; x_wconf 90' lang='lat' dir='ltr'>ubi</span> <span class='ocrx_word' id='word_1_309' title='bbox 1664 2187 1806 2248; x_wconf 86' lang='lat' dir='ltr'>aduersam</span> 
     </span>
     <span class='ocr_line' id='line_1_38' title="bbox 154 2271 1846 2350; baseline 0.005 -11"><span class='ocrx_word' id='word_1_310' title='bbox 154 2282 225 2340; x_wconf 87' lang='lat' dir='ltr'>simo</span> <span class='ocrx_word' id='word_1_311' title='bbox 238 2281 359 2350; x_wconf 87' lang='lat' dir='ltr'>principe</span> <span class='ocrx_word' id='word_1_312' title='bbox 371 2280 595 2345; x_wconf 71' lang='lat' dir='ltr'>tlatiemrrrtt‹,et</span> <span class='ocrx_word' id='word_1_313' title='bbox 605 2279 807 2350; x_wconf 83' lang='lat' dir='ltr'>inspexeral,ct</span> <span class='ocrx_word' id='word_1_314' title='bbox 819 2281 957 2337; x_wconf 79' lang='lat' dir='ltr'>clarat-le·</span> <span class='ocrx_word' id='word_1_315' title='bbox 1010 2272 1132 2344; x_wconf 70' lang='grc'><strong>1118111111</strong></span> <span class='ocrx_word' id='word_1_316' title='bbox 1156 2271 1338 2330; x_wconf 64' lang='grc'><strong>11150111881111</strong></span> <span class='ocrx_word' id='word_1_317' title='bbox 1358 2291 1461 2349; x_wconf 64' lang='grc' dir='ltr'><strong>0110ῐὲ,</strong></span> <span class='ocrx_word' id='word_1_318' title='bbox 1476 2294 1618 2348; x_wconf 57' lang='lat' dir='ltr'>&amp;limma</span> <span class='ocrx_word' id='word_1_319' title='bbox 1647 2299 1700 2339; x_wconf 84' lang='grc'><strong>11011</strong></span> <span class='ocrx_word' id='word_1_320' title='bbox 1726 2286 1813 2342; x_wconf 72' lang='lat' dir='ltr'>biblio</span> <span class='ocrx_word' id='word_1_321' title='bbox 1842 2337 1846 2342; x_wconf 87' lang='lat'>.</span> 
     </span>
     <span class='ocr_line' id='line_1_39' title="bbox 154 2367 1813 2444; baseline 0.002 -13"><span class='ocrx_word' id='word_1_322' title='bbox 154 2390 201 2431; x_wconf 86' lang='lat' dir='ltr'>res</span> <span class='ocrx_word' id='word_1_323' title='bbox 212 2374 344 2444; x_wconf 79' lang='lat' dir='ltr'>excipere</span> <span class='ocrx_word' id='word_1_324' title='bbox 363 2381 536 2430; x_wconf 90' lang='lat' dir='ltr'>tentaverat:</span> <span class='ocrx_word' id='word_1_325' title='bbox 550 2383 605 2428; x_wconf 86' lang='grc' dir='ltr'>ιιιιιι</span> <span class='ocrx_word' id='word_1_326' title='bbox 620 2371 701 2428; x_wconf 91' lang='lat' dir='ltr'>etiam</span> <span class='ocrx_word' id='word_1_327' title='bbox 726 2382 755 2427; x_wconf 92' lang='lat' dir='ltr'>ut</span> <span class='ocrx_word' id='word_1_328' title='bbox 769 2372 864 2429; x_wconf 85' lang='lat' dir='ltr'>eadent</span> <span class='ocrx_word' id='word_1_329' title='bbox 879 2387 959 2429; x_wconf 91' lang='lat' dir='ltr'>ocea-</span> <span class='ocrx_word' id='word_1_330' title='bbox 1009 2367 1140 2437; x_wconf 88' lang='lat' dir='ltr'>temporis</span> <span class='ocrx_word' id='word_1_331' title='bbox 1148 2367 1301 2434; x_wconf 87' lang='lat' dir='ltr'>intervallo,</span> <span class='ocrx_word' id='word_1_332' title='bbox 1311 2377 1416 2426; x_wconf 90' lang='lat' dir='ltr'>tentare</span> <span class='ocrx_word' id='word_1_333' title='bbox 1425 2378 1559 2440; x_wconf 88' lang='lat' dir='ltr'>poterant.</span> <span class='ocrx_word' id='word_1_334' title='bbox 1571 2373 1813 2435; x_wconf 84' lang='lat' dir='ltr'>llisiclraractcrcs</span> 
     </span>
     <span class='ocr_line' id='line_1_40' title="bbox 156 2458 1813 2536; baseline 0.001 -14"><span class='ocrx_word' id='word_1_335' title='bbox 156 2467 235 2523; x_wconf 87' lang='lat' dir='ltr'>siorvc</span> <span class='ocrx_word' id='word_1_336' title='bbox 246 2465 431 2536; x_wconf 81' lang='lat' dir='ltr'>expenderem</span> <span class='ocrx_word' id='word_1_337' title='bbox 445 2465 584 2531; x_wconf 88' lang='lat' dir='ltr'>attentius,</span> <span class='ocrx_word' id='word_1_338' title='bbox 602 2473 683 2536; x_wconf 88' lang='lat' dir='ltr'>atque</span> <span class='ocrx_word' id='word_1_339' title='bbox 698 2480 749 2520; x_wconf 90' lang='lat' dir='ltr'>una</span> <span class='ocrx_word' id='word_1_340' title='bbox 764 2462 899 2520; x_wconf 78' lang='lat' dir='ltr'>uariantes</span> <span class='ocrx_word' id='word_1_341' title='bbox 911 2481 957 2521; x_wconf 84' lang='lat' dir='ltr'>er·</span> <span class='ocrx_word' id='word_1_342' title='bbox 1009 2466 1162 2513; x_wconf 86' lang='lat' dir='ltr'>atramento</span> <span class='ocrx_word' id='word_1_343' title='bbox 1182 2458 1297 2528; x_wconf 90' lang='lat' dir='ltr'>simplici</span> <span class='ocrx_word' id='word_1_344' title='bbox 1320 2460 1445 2530; x_wconf 91' lang='lat' dir='ltr'>primitus</span> <span class='ocrx_word' id='word_1_345' title='bbox 1458 2461 1571 2529; x_wconf 89' lang='lat' dir='ltr'>duetos;</span> <span class='ocrx_word' id='word_1_346' title='bbox 1586 2464 1658 2534; x_wconf 88' lang='lat' dir='ltr'>quod</span> <span class='ocrx_word' id='word_1_347' title='bbox 1687 2465 1813 2536; x_wconf 83' lang='lat' dir='ltr'>pluribus</span> 
     </span>
     <span class='ocr_line' id='line_1_41' title="bbox 155 2550 1811 2628; baseline 0 -16"><span class='ocrx_word' id='word_1_348' title='bbox 155 2571 298 2627; x_wconf 89' lang='lat' dir='ltr'>ccrpcrcm</span> <span class='ocrx_word' id='word_1_349' title='bbox 315 2573 322 2609; x_wconf 77' lang='lat' dir='ltr'>a</span> <span class='ocrx_word' id='word_1_350' title='bbox 338 2571 406 2626; x_wconf 88' lang='lat' dir='ltr'>quas</span> <span class='ocrx_word' id='word_1_351' title='bbox 417 2555 484 2610; x_wconf 89' lang='lat' dir='ltr'>ntilri</span> <span class='ocrx_word' id='word_1_352' title='bbox 496 2553 641 2625; x_wconf 91' lang='lat' dir='ltr'>aliquando</span> <span class='ocrx_word' id='word_1_353' title='bbox 653 2554 712 2611; x_wconf 88' lang='lat' dir='ltr'>usui</span> <span class='ocrx_word' id='word_1_354' title='bbox 727 2555 831 2611; x_wconf 88' lang='lat' dir='ltr'>luturas</span> <span class='ocrx_word' id='word_1_355' title='bbox 844 2571 898 2611; x_wconf 90' lang='lat' dir='ltr'>non</span> <span class='ocrx_word' id='word_1_356' title='bbox 909 2554 960 2612; x_wconf 91' lang='lat' dir='ltr'>dn·</span> <span class='ocrx_word' id='word_1_357' title='bbox 1009 2550 1036 2606; x_wconf 89' lang='lat' dir='ltr'>lu</span> <span class='ocrx_word' id='word_1_358' title='bbox 1058 2550 1125 2606; x_wconf 89' lang='lat' dir='ltr'>loeis</span> <span class='ocrx_word' id='word_1_359' title='bbox 1142 2550 1343 2607; x_wconf 81' lang='lat' dir='ltr'>evidentissime</span> <span class='ocrx_word' id='word_1_360' title='bbox 1354 2552 1464 2623; x_wconf 89' lang='lat' dir='ltr'>colligas</span> <span class='ocrx_word' id='word_1_361' title='bbox 1477 2572 1483 2609; x_wconf 76' lang='grc' dir='ltr'><strong><em>ε</em></strong></span> <span class='ocrx_word' id='word_1_362' title='bbox 1495 2555 1520 2609; x_wconf 82' lang='grc' dir='ltr'>ιιι</span> <span class='ocrx_word' id='word_1_363' title='bbox 1545 2555 1623 2611; x_wconf 81' lang='lat' dir='ltr'>Luce</span> <span class='ocrx_word' id='word_1_364' title='bbox 1642 2559 1811 2628; x_wconf 79' lang='lat' dir='ltr'>pracsertim,</span> 
     </span>
     <span class='ocr_line' id='line_1_42' title="bbox 154 2640 1787 2719; baseline -0.001 -13"><span class='ocrx_word' id='word_1_365' title='bbox 154 2649 291 2715; x_wconf 85' lang='lat' dir='ltr'>bitabanr,</span> <span class='ocrx_word' id='word_1_366' title='bbox 307 2649 371 2703; x_wconf 91' lang='lat' dir='ltr'>lieet</span> <span class='ocrx_word' id='word_1_367' title='bbox 390 2662 472 2712; x_wconf 85' lang='lat' dir='ltr'>nunc,</span> <span class='ocrx_word' id='word_1_368' title='bbox 484 2647 567 2703; x_wconf 90' lang='lat' dir='ltr'>otiam</span> <span class='ocrx_word' id='word_1_369' title='bbox 579 2660 659 2716; x_wconf 92' lang='lat' dir='ltr'>supra</span> <span class='ocrx_word' id='word_1_370' title='bbox 670 2662 750 2718; x_wconf 92' lang='lat' dir='ltr'>qnam</span> <span class='ocrx_word' id='word_1_371' title='bbox 765 2647 889 2704; x_wconf 86' lang='lat' dir='ltr'>mihimet</span> <span class='ocrx_word' id='word_1_372' title='bbox 900 2649 958 2719; x_wconf 88' lang='lat' dir='ltr'>ipse</span> <span class='ocrx_word' id='word_1_373' title='bbox 1008 2657 1041 2698; x_wconf 79' lang='lat' dir='ltr'>ac</span> <span class='ocrx_word' id='word_1_374' title='bbox 1051 2640 1163 2699; x_wconf 76' lang='lat' dir='ltr'>litatluls</span> <span class='ocrx_word' id='word_1_375' title='bbox 1174 2642 1261 2708; x_wconf 88' lang='lat' dir='ltr'>initio,</span> <span class='ocrx_word' id='word_1_376' title='bbox 1273 2643 1319 2699; x_wconf 91' lang='lat' dir='ltr'>ubl</span> <span class='ocrx_word' id='word_1_377' title='bbox 1333 2643 1497 2714; x_wconf 83' lang='lat' dir='ltr'>pigmentum</span> <span class='ocrx_word' id='word_1_378' title='bbox 1512 2647 1577 2702; x_wconf 91' lang='lat' dir='ltr'>illud</span> <span class='ocrx_word' id='word_1_379' title='bbox 1588 2646 1720 2719; x_wconf 86' lang='lat' dir='ltr'>dilapsum</span> <span class='ocrx_word' id='word_1_380' title='bbox 1733 2657 1787 2705; x_wconf 89' lang='lat' dir='ltr'>cst.</span> 
     </span>
     <span class='ocr_line' id='line_1_43' title="bbox 154 2733 1810 2814; baseline 0.001 -18"><span class='ocrx_word' id='word_1_381' title='bbox 154 2740 365 2814; x_wconf 77' lang='lat' dir='ltr'>spoponderam,</span> <span class='ocrx_word' id='word_1_382' title='bbox 389 2756 440 2796; x_wconf 91' lang='lat' dir='ltr'>usu</span> <span class='ocrx_word' id='word_1_383' title='bbox 463 2739 489 2796; x_wconf 92' lang='lat' dir='ltr'>id</span> <span class='ocrx_word' id='word_1_384' title='bbox 510 2739 634 2811; x_wconf 88' lang='lat' dir='ltr'>prolecto</span> <span class='ocrx_word' id='word_1_385' title='bbox 653 2740 786 2811; x_wconf 89' lang='lat' dir='ltr'>ampliore</span> <span class='ocrx_word' id='word_1_386' title='bbox 800 2742 957 2814; x_wconf 87' lang='lat' dir='ltr'>eontigerit.</span> <span class='ocrx_word' id='word_1_387' title='bbox 1046 2733 1124 2789; x_wconf 93' lang='lat' dir='ltr'>lnitio</span> <span class='ocrx_word' id='word_1_388' title='bbox 1138 2735 1283 2804; x_wconf 82' lang='lat' dir='ltr'>cujuslibet</span> <span class='ocrx_word' id='word_1_389' title='bbox 1297 2735 1435 2806; x_wconf 81' lang='lat' dir='ltr'>Evangelii</span> <span class='ocrx_word' id='word_1_390' title='bbox 1451 2738 1544 2806; x_wconf 70' lang='lat' dir='ltr'>prtinus</span> <span class='ocrx_word' id='word_1_391' title='bbox 1562 2738 1640 2796; x_wconf 82' lang='lat' dir='ltr'>linea·</span> <span class='ocrx_word' id='word_1_392' title='bbox 1654 2741 1713 2796; x_wconf 86' lang='lat' dir='ltr'>auri</span> <span class='ocrx_word' id='word_1_393' title='bbox 1728 2740 1810 2798; x_wconf 86' lang='lat' dir='ltr'>brac·</span> 
     </span>
     <span class='ocr_line' id='line_1_44' title="bbox 155 2824 1807 2902; baseline -0.001 -11"><span class='ocrx_word' id='word_1_394' title='bbox 155 2833 213 2891; x_wconf 89' lang='lat' dir='ltr'>lllis</span> <span class='ocrx_word' id='word_1_395' title='bbox 233 2831 307 2890; x_wconf 91' lang='lat' dir='ltr'>enlm</span> <span class='ocrx_word' id='word_1_396' title='bbox 321 2831 396 2889; x_wconf 91' lang='lat' dir='ltr'>curis</span> <span class='ocrx_word' id='word_1_397' title='bbox 409 2831 478 2889; x_wconf 89' lang='lat' dir='ltr'>meis</span> <span class='ocrx_word' id='word_1_398' title='bbox 496 2842 524 2888; x_wconf 88' lang='lat' dir='ltr'>et</span> <span class='ocrx_word' id='word_1_399' title='bbox 544 2829 694 2887; x_wconf 88' lang='lat' dir='ltr'>amicitiam</span> <span class='ocrx_word' id='word_1_400' title='bbox 712 2842 784 2888; x_wconf 91' lang='lat' dir='ltr'>tuam</span> <span class='ocrx_word' id='word_1_401' title='bbox 807 2832 915 2889; x_wconf 87' lang='lat' dir='ltr'>debeo:</span> <span class='ocrx_word' id='word_1_402' title='bbox 931 2842 960 2890; x_wconf 90' lang='lat' dir='ltr'>et</span> <span class='ocrx_word' id='word_1_403' title='bbox 1009 2825 1088 2882; x_wconf 85' lang='lat' dir='ltr'>leolis</span> <span class='ocrx_word' id='word_1_404' title='bbox 1109 2836 1173 2881; x_wconf 89' lang='lat' dir='ltr'>sunt</span> <span class='ocrx_word' id='word_1_405' title='bbox 1195 2824 1330 2895; x_wconf 76' lang='lat' dir='ltr'>obductae,</span> <span class='ocrx_word' id='word_1_406' title='bbox 1360 2828 1432 2899; x_wconf 89' lang='lat' dir='ltr'>quod</span> <span class='ocrx_word' id='word_1_407' title='bbox 1455 2829 1602 2884; x_wconf 87' lang='lat' dir='ltr'>etiamnum</span> <span class='ocrx_word' id='word_1_408' title='bbox 1625 2831 1807 2902; x_wconf 90' lang='lat' dir='ltr'>splendidum,</span> 
     </span>
     <span class='ocr_line' id='line_1_45' title="bbox 159 2917 1811 2999; baseline 0.002 -18"><span class='ocrx_word' id='word_1_409' title='bbox 159 2934 338 2984; x_wconf 90' lang='lat' dir='ltr'>monumento</span> <span class='ocrx_word' id='word_1_410' title='bbox 352 2925 432 2997; x_wconf 90' lang='lat' dir='ltr'>longe</span> <span class='ocrx_word' id='word_1_411' title='bbox 456 2922 656 2995; x_wconf 87' lang='lat' dir='ltr'>pulcherrimo,</span> <span class='ocrx_word' id='word_1_412' title='bbox 677 2940 758 2999; x_wconf 91' lang='lat' dir='ltr'>quam</span> <span class='ocrx_word' id='word_1_413' title='bbox 773 2941 789 2981; x_wconf 89' lang='lat' dir='ltr'>a</span> <span class='ocrx_word' id='word_1_414' title='bbox 805 2941 849 2983; x_wconf 82' lang='lat' dir='ltr'>nne</span> <span class='ocrx_word' id='word_1_415' title='bbox 869 2925 959 2984; x_wconf 75' lang='lat' dir='ltr'>adbuc</span> <span class='ocrx_word' id='word_1_416' title='bbox 1006 2917 1192 2990; x_wconf 88' lang='lat' dir='ltr'>intactumque</span> <span class='ocrx_word' id='word_1_417' title='bbox 1219 2927 1271 2975; x_wconf 83' lang='lat' dir='ltr'>est.</span> <span class='ocrx_word' id='word_1_418' title='bbox 1293 2920 1383 2977; x_wconf 82' lang='lat' dir='ltr'>Linon</span> <span class='ocrx_word' id='word_1_419' title='bbox 1399 2937 1496 2978; x_wconf 87' lang='lat' dir='ltr'>onmes</span> <span class='ocrx_word' id='word_1_420' title='bbox 1517 2924 1589 2996; x_wconf 84' lang='lat' dir='ltr'>stylo</span> <span class='ocrx_word' id='word_1_421' title='bbox 1613 2938 1754 2997; x_wconf 80' lang='lat' dir='ltr'>exaratae,</span> <span class='ocrx_word' id='word_1_422' title='bbox 1780 2939 1811 2985; x_wconf 94' lang='lat' dir='ltr'>nt</span> 
     </span>
     <span class='ocr_line' id='line_1_46' title="bbox 151 3010 1810 3091; baseline 0.002 -17"><span class='ocrx_word' id='word_1_423' title='bbox 151 3019 267 3076; x_wconf 88' lang='lat' dir='ltr'>lortasse</span> <span class='ocrx_word' id='word_1_424' title='bbox 282 3017 496 3091; x_wconf 77' lang='lat' dir='ltr'>praestolaretur,</span> <span class='ocrx_word' id='word_1_425' title='bbox 512 3026 634 3087; x_wconf 90' lang='lat' dir='ltr'>paratam</span> <span class='ocrx_word' id='word_1_426' title='bbox 646 3015 817 3074; x_wconf 77' lang='lat' dir='ltr'>felicioribus</span> <span class='ocrx_word' id='word_1_427' title='bbox 828 3019 957 3090; x_wconf 83' lang='lat' dir='ltr'>avuspieiis</span> <span class='ocrx_word' id='word_1_428' title='bbox 1007 3024 1065 3075; x_wconf 86' lang='lat' dir='ltr'>eas,</span> <span class='ocrx_word' id='word_1_429' title='bbox 1077 3010 1105 3066; x_wconf 92' lang='lat' dir='ltr'>in</span> <span class='ocrx_word' id='word_1_430' title='bbox 1116 3010 1307 3080; x_wconf 81' lang='lat' dir='ltr'>describendo,</span> <span class='ocrx_word' id='word_1_431' title='bbox 1326 3013 1494 3084; x_wconf 79' lang='lat' dir='ltr'>antiquarius</span> <span class='ocrx_word' id='word_1_432' title='bbox 1505 3019 1675 3087; x_wconf 87' lang='lat' dir='ltr'>sequeretur.</span> <span class='ocrx_word' id='word_1_433' title='bbox 1692 3020 1810 3078; x_wconf 84' lang='lat' dir='ltr'>Clrarac·</span> 
     </span>
     <span class='ocr_line' id='line_1_47' title="bbox 151 3103 1808 3185; baseline 0.003 -17"><span class='ocrx_word' id='word_1_434' title='bbox 151 3111 253 3180; x_wconf 90' lang='lat' dir='ltr'>lucem,</span> <span class='ocrx_word' id='word_1_435' title='bbox 265 3121 347 3183; x_wconf 92' lang='lat' dir='ltr'>atquc</span> <span class='ocrx_word' id='word_1_436' title='bbox 358 3109 551 3167; x_wconf 76' lang='lat' dir='ltr'>aeternitatem.</span> <span class='ocrx_word' id='word_1_437' title='bbox 970 3104 993 3169; x_wconf 90' lang='lat' dir='ltr'>C</span> <span class='ocrx_word' id='word_1_438' title='bbox 1010 3111 1083 3161; x_wconf 90' lang='lat' dir='ltr'>teres</span> <span class='ocrx_word' id='word_1_439' title='bbox 1103 3103 1287 3176; x_wconf 87' lang='lat' dir='ltr'>magnitudine</span> <span class='ocrx_word' id='word_1_440' title='bbox 1299 3107 1417 3177; x_wconf 79' lang='lat' dir='ltr'>aequales</span> <span class='ocrx_word' id='word_1_441' title='bbox 1430 3128 1438 3164; x_wconf 75' lang='grc' dir='ltr'>ι</span> <span class='ocrx_word' id='word_1_442' title='bbox 1453 3107 1505 3164; x_wconf 80' lang='lat' dir='ltr'>nisi</span> <span class='ocrx_word' id='word_1_443' title='bbox 1515 3109 1586 3180; x_wconf 84' lang='lat' dir='ltr'>quod</span> <span class='ocrx_word' id='word_1_444' title='bbox 1598 3111 1632 3167; x_wconf 92' lang='lat' dir='ltr'>ad</span> <span class='ocrx_word' id='word_1_445' title='bbox 1647 3111 1808 3185; x_wconf 72' lang='lat' dir='ltr'>insigniores</span> 
     </span>
     <span class='ocr_line' id='line_1_48' title="bbox 187 3195 1809 3278; baseline 0.002 -17"><span class='ocrx_word' id='word_1_446' title='bbox 187 3200 952 3273; x_wconf 82' lang='lat' dir='ltr'>Codicemisturn,adbaecrtsqneternpora,critleonnn</span> <span class='ocrx_word' id='word_1_447' title='bbox 1008 3195 1148 3266; x_wconf 90' lang='lat' dir='ltr'>pericopas</span> <span class='ocrx_word' id='word_1_448' title='bbox 1171 3196 1270 3267; x_wconf 91' lang='lat' dir='ltr'>quibus</span> <span class='ocrx_word' id='word_1_449' title='bbox 1296 3205 1327 3252; x_wconf 95' lang='lat' dir='ltr'>ut</span> <span class='ocrx_word' id='word_1_450' title='bbox 1351 3197 1496 3269; x_wconf 87' lang='lat' dir='ltr'>plurimum</span> <span class='ocrx_word' id='word_1_451' title='bbox 1527 3200 1554 3256; x_wconf 93' lang='lat' dir='ltr'>in</span> <span class='ocrx_word' id='word_1_452' title='bbox 1581 3201 1650 3259; x_wconf 78' lang='lat' dir='ltr'>laero</span> <span class='ocrx_word' id='word_1_453' title='bbox 1687 3208 1809 3278; x_wconf 76' lang='lat' dir='ltr'>margine</span> 
     </span>
     <span class='ocr_line' id='line_1_49' title="bbox 151 3289 1807 3369; baseline -0.002 -16"><span class='ocrx_word' id='word_1_454' title='bbox 151 3310 294 3353; x_wconf 87' lang='lat' dir='ltr'>sacrorum</span> <span class='ocrx_word' id='word_1_455' title='bbox 319 3293 421 3350; x_wconf 90' lang='lat' dir='ltr'>nemini</span> <span class='ocrx_word' id='word_1_456' title='bbox 443 3292 595 3364; x_wconf 90' lang='lat' dir='ltr'>inspectum</span> <span class='ocrx_word' id='word_1_457' title='bbox 615 3291 714 3359; x_wconf 86' lang='lat' dir='ltr'>luisse,</span> <span class='ocrx_word' id='word_1_458' title='bbox 735 3303 811 3350; x_wconf 89' lang='lat' dir='ltr'>certe</span> <span class='ocrx_word' id='word_1_459' title='bbox 837 3309 852 3349; x_wconf 90' lang='lat' dir='ltr'>a</span> <span class='ocrx_word' id='word_1_460' title='bbox 880 3294 955 3350; x_wconf 92' lang='lat' dir='ltr'>nullo</span> <span class='ocrx_word' id='word_1_461' title='bbox 1007 3289 1089 3345; x_wconf 90' lang='lat' dir='ltr'>lectio</span> <span class='ocrx_word' id='word_1_462' title='bbox 1110 3291 1265 3362; x_wconf 91' lang='lat' dir='ltr'>apponitur,</span> <span class='ocrx_word' id='word_1_463' title='bbox 1287 3293 1405 3363; x_wconf 88' lang='lat' dir='ltr'>majores</span> <span class='ocrx_word' id='word_1_464' title='bbox 1428 3293 1600 3351; x_wconf 85' lang='lat' dir='ltr'>adhibentur.</span> <span class='ocrx_word' id='word_1_465' title='bbox 1624 3297 1659 3353; x_wconf 85' lang='lat' dir='ltr'>Et</span> <span class='ocrx_word' id='word_1_466' title='bbox 1675 3312 1807 3369; x_wconf 76' lang='lat' dir='ltr'>cerinum,</span> 
     </span>
     <span class='ocr_line' id='line_1_50' title="bbox 153 3382 1809 3460; baseline 0.004 -16"><span class='ocrx_word' id='word_1_467' title='bbox 153 3386 251 3444; x_wconf 86' lang='lat' dir='ltr'>studiis</span> <span class='ocrx_word' id='word_1_468' title='bbox 264 3385 426 3451; x_wconf 91' lang='lat' dir='ltr'>adbibitum,</span> <span class='ocrx_word' id='word_1_469' title='bbox 442 3383 506 3440; x_wconf 90' lang='lat' dir='ltr'>illud</span> <span class='ocrx_word' id='word_1_470' title='bbox 520 3391 681 3455; x_wconf 87' lang='lat' dir='ltr'>argumento</span> <span class='ocrx_word' id='word_1_471' title='bbox 694 3398 756 3441; x_wconf 87' lang='lat' dir='ltr'>esse</span> <span class='ocrx_word' id='word_1_472' title='bbox 767 3393 866 3456; x_wconf 87' lang='lat' dir='ltr'>potest,</span> <span class='ocrx_word' id='word_1_473' title='bbox 882 3386 954 3458; x_wconf 89' lang='lat' dir='ltr'>qnod</span> <span class='ocrx_word' id='word_1_474' title='bbox 1006 3383 1029 3439; x_wconf 85' lang='lat' dir='ltr'>si</span> <span class='ocrx_word' id='word_1_475' title='bbox 1043 3382 1106 3454; x_wconf 92' lang='lat' dir='ltr'>quid</span> <span class='ocrx_word' id='word_1_476' title='bbox 1121 3384 1147 3439; x_wconf 90' lang='lat' dir='ltr'>in</span> <span class='ocrx_word' id='word_1_477' title='bbox 1160 3385 1214 3441; x_wconf 84' lang='lat' dir='ltr'>llrro</span> <span class='ocrx_word' id='word_1_478' title='bbox 1227 3385 1307 3441; x_wconf 76' lang='lat' dir='ltr'>lineae</span> <span class='ocrx_word' id='word_1_479' title='bbox 1321 3385 1474 3442; x_wconf 88' lang='lat' dir='ltr'>addendum</span> <span class='ocrx_word' id='word_1_480' title='bbox 1504 3400 1655 3460; x_wconf 85' lang='lat' dir='ltr'>supererat.</span> <span class='ocrx_word' id='word_1_481' title='bbox 1671 3393 1809 3450; x_wconf 90' lang='lat' dir='ltr'>minnsen-</span> 
     </span>
     <span class='ocr_line' id='line_1_51' title="bbox 151 3475 1805 3548; baseline 0.004 -10"><span class='ocrx_word' id='word_1_482' title='bbox 151 3480 228 3538; x_wconf 85' lang='lat' dir='ltr'>inter</span> <span class='ocrx_word' id='word_1_483' title='bbox 240 3479 357 3536; x_wconf 89' lang='lat' dir='ltr'>totalins</span> <span class='ocrx_word' id='word_1_484' title='bbox 368 3479 404 3534; x_wconf 90' lang='lat' dir='ltr'>ab</span> <span class='ocrx_word' id='word_1_485' title='bbox 418 3478 452 3535; x_wconf 94' lang='lat' dir='ltr'>iis</span> <span class='ocrx_word' id='word_1_486' title='bbox 465 3487 641 3546; x_wconf 89' lang='lat' dir='ltr'>memoratos,</span> <span class='ocrx_word' id='word_1_487' title='bbox 657 3477 729 3535; x_wconf 90' lang='lat' dir='ltr'>unde</span> <span class='ocrx_word' id='word_1_488' title='bbox 741 3478 876 3536; x_wconf 88' lang='lat' dir='ltr'>variantes</span> <span class='ocrx_word' id='word_1_489' title='bbox 889 3479 956 3535; x_wconf 87' lang='lat' dir='ltr'>lrnvr·</span> <span class='ocrx_word' id='word_1_490' title='bbox 1007 3475 1040 3532; x_wconf 90' lang='lat' dir='ltr'>lis</span> <span class='ocrx_word' id='word_1_491' title='bbox 1061 3476 1203 3548; x_wconf 86' lang='lat' dir='ltr'>supplebat</span> <span class='ocrx_word' id='word_1_492' title='bbox 1229 3477 1368 3534; x_wconf 87' lang='lat' dir='ltr'>librarius.</span> <span class='ocrx_word' id='word_1_493' title='bbox 1387 3479 1466 3547; x_wconf 78' lang='lat' dir='ltr'>erod</span> <span class='ocrx_word' id='word_1_494' title='bbox 1490 3480 1523 3536; x_wconf 94' lang='lat' dir='ltr'>ad</span> <span class='ocrx_word' id='word_1_495' title='bbox 1546 3482 1654 3539; x_wconf 90' lang='lat' dir='ltr'>illorum</span> <span class='ocrx_word' id='word_1_496' title='bbox 1682 3486 1805 3544; x_wconf 88' lang='lat' dir='ltr'>ordinem</span> 
     </span>
     <span class='ocr_line' id='line_1_52' title="bbox 153 3568 1802 3650; baseline 0.004 -18"><span class='ocrx_word' id='word_1_497' title='bbox 153 3582 261 3639; x_wconf 89' lang='lat' dir='ltr'>serunt,</span> <span class='ocrx_word' id='word_1_498' title='bbox 276 3589 310 3628; x_wconf 90' lang='lat' dir='ltr'>ne</span> <span class='ocrx_word' id='word_1_499' title='bbox 330 3586 413 3627; x_wconf 90' lang='lat' dir='ltr'>uuum</span> <span class='ocrx_word' id='word_1_500' title='bbox 437 3570 546 3643; x_wconf 89' lang='lat' dir='ltr'>quidem</span> <span class='ocrx_word' id='word_1_501' title='bbox 567 3571 672 3639; x_wconf 85' lang='lat' dir='ltr'>rideas,</span> <span class='ocrx_word' id='word_1_502' title='bbox 692 3571 739 3642; x_wconf 92' lang='lat' dir='ltr'>qui</span> <span class='ocrx_word' id='word_1_503' title='bbox 757 3571 875 3643; x_wconf 89' lang='lat' dir='ltr'>aliquam</span> <span class='ocrx_word' id='word_1_504' title='bbox 893 3571 956 3629; x_wconf 88' lang='lat' dir='ltr'>inde</span> <span class='ocrx_word' id='word_1_505' title='bbox 1005 3579 1125 3640; x_wconf 88' lang='lat' dir='ltr'>spectat,</span> <span class='ocrx_word' id='word_1_506' title='bbox 1152 3568 1218 3627; x_wconf 88' lang='lat' dir='ltr'>nibil</span> <span class='ocrx_word' id='word_1_507' title='bbox 1245 3571 1343 3626; x_wconf 89' lang='lat' dir='ltr'>addam</span> <span class='ocrx_word' id='word_1_508' title='bbox 1364 3574 1391 3628; x_wconf 94' lang='lat' dir='ltr'>in</span> <span class='ocrx_word' id='word_1_509' title='bbox 1414 3589 1552 3644; x_wconf 79' lang='lat' dir='ltr'>presens:</span> <span class='ocrx_word' id='word_1_510' title='bbox 1574 3592 1637 3632; x_wconf 91' lang='lat' dir='ltr'>enm</span> <span class='ocrx_word' id='word_1_511' title='bbox 1663 3580 1802 3650; x_wconf 88' lang='lat' dir='ltr'>specimen</span> 
     </span>
     <span class='ocr_line' id='line_1_53' title="bbox 153 3659 1805 3741; baseline 0.006 -19"><span class='ocrx_word' id='word_1_512' title='bbox 153 3665 318 3738; x_wconf 90' lang='lat' dir='ltr'>protulerit.</span> <span class='ocrx_word' id='word_1_513' title='bbox 332 3665 429 3732; x_wconf 84' lang='lat' dir='ltr'>Solus,</span> <span class='ocrx_word' id='word_1_514' title='bbox 447 3661 518 3735; x_wconf 91' lang='lat' dir='ltr'>quod</span> <span class='ocrx_word' id='word_1_515' title='bbox 538 3664 643 3732; x_wconf 90' lang='lat' dir='ltr'>sciam,</span> <span class='ocrx_word' id='word_1_516' title='bbox 660 3663 760 3720; x_wconf 81' lang='lat' dir='ltr'>Paulns</span> <span class='ocrx_word' id='word_1_517' title='bbox 784 3662 954 3732; x_wconf 82' lang='lat' dir='ltr'>Gallenrdns,</span> <span class='ocrx_word' id='word_1_518' title='bbox 1006 3659 1094 3732; x_wconf 90' lang='lat' dir='ltr'>ipsum</span> <span class='ocrx_word' id='word_1_519' title='bbox 1108 3663 1207 3719; x_wconf 89' lang='lat' dir='ltr'>seriem</span> <span class='ocrx_word' id='word_1_520' title='bbox 1223 3665 1391 3730; x_wconf 82' lang='lat' dir='ltr'>coritinnarn,</span> <span class='ocrx_word' id='word_1_521' title='bbox 1407 3675 1650 3741; x_wconf 88' lang='lat' dir='ltr'>stmcturamquea</span> <span class='ocrx_word' id='word_1_522' title='bbox 1668 3674 1805 3732; x_wconf 81' lang='lat' dir='ltr'>veteribus</span> 
     </span>
     <span class='ocr_line' id='line_1_54' title="bbox 154 3756 1417 3827; baseline -0.002 -12"><span class='ocrx_word' id='word_1_523' title='bbox 154 3758 192 3815; x_wconf 89' lang='lat' dir='ltr'>cl.</span> <span class='ocrx_word' id='word_1_524' title='bbox 205 3759 325 3814; x_wconf 86' lang='lat' dir='ltr'>concivis</span> <span class='ocrx_word' id='word_1_525' title='bbox 334 3772 411 3813; x_wconf 86' lang='lat' dir='ltr'>meus</span> <span class='ocrx_word' id='word_1_526' title='bbox 426 3771 506 3811; x_wconf 89' lang='lat' dir='ltr'>unam</span> <span class='ocrx_word' id='word_1_527' title='bbox 524 3763 553 3813; x_wconf 91' lang='lat' dir='ltr'>et</span> <span class='ocrx_word' id='word_1_528' title='bbox 562 3756 678 3812; x_wconf 88' lang='lat' dir='ltr'>alteram</span> <span class='ocrx_word' id='word_1_529' title='bbox 691 3756 771 3815; x_wconf 92' lang='lat' dir='ltr'>nobis</span> <span class='ocrx_word' id='word_1_530' title='bbox 792 3757 915 3814; x_wconf 84' lang='lat' dir='ltr'>erltibuit</span> <span class='ocrx_word' id='word_1_531' title='bbox 927 3759 954 3813; x_wconf 91' lang='lat' dir='ltr'>ln</span> <span class='ocrx_word' id='word_1_532' title='bbox 1006 3761 1149 3825; x_wconf 85' lang='lat' dir='ltr'>usurpatas</span> <span class='ocrx_word' id='word_1_533' title='bbox 1160 3771 1215 3826; x_wconf 80' lang='lat' dir='ltr'>pre</span> <span class='ocrx_word' id='word_1_534' title='bbox 1225 3756 1312 3812; x_wconf 86' lang='lat' dir='ltr'>oculis</span> <span class='ocrx_word' id='word_1_535' title='bbox 1325 3767 1417 3827; x_wconf 78' lang='lat' dir='ltr'>posnan.</span> 
     </span>
     <span class='ocr_line' id='line_1_55' title="bbox 153 3845 1803 3922; baseline 0.005 -15"><span class='ocrx_word' id='word_1_536' title='bbox 153 3848 355 3922; x_wconf 87' lang='lat' dir='ltr'>elegantissima</span> <span class='ocrx_word' id='word_1_537' title='bbox 379 3847 498 3903; x_wconf 90' lang='lat' dir='ltr'>editione</span> <span class='ocrx_word' id='word_1_538' title='bbox 527 3845 645 3917; x_wconf 86' lang='lat' dir='ltr'>Operum</span> <span class='ocrx_word' id='word_1_539' title='bbox 674 3846 844 3903; x_wconf 86' lang='lat' dir='ltr'>Gattdcntii:</span> <span class='ocrx_word' id='word_1_540' title='bbox 874 3865 954 3920; x_wconf 88' lang='lat' dir='ltr'>quarn</span> <span class='ocrx_word' id='word_1_541' title='bbox 1041 3846 1158 3911; x_wconf 75' lang='lat' dir='ltr'>alicubi,</span> <span class='ocrx_word' id='word_1_542' title='bbox 1173 3863 1236 3902; x_wconf 91' lang='lat' dir='ltr'>raro</span> <span class='ocrx_word' id='word_1_543' title='bbox 1255 3857 1355 3917; x_wconf 81' lang='lat' dir='ltr'>trunca,</span> <span class='ocrx_word' id='word_1_544' title='bbox 1380 3848 1498 3906; x_wconf 88' lang='lat' dir='ltr'>inrmam</span> <span class='ocrx_word' id='word_1_545' title='bbox 1518 3851 1803 3915; x_wconf 78' lang='lat' dir='ltr'>duaelittermcoalos·</span> 
     </span>
     <span class='ocr_line' id='line_1_56' title="bbox 153 3923 1804 4022; baseline 0.005 -23"><span class='ocrx_word' id='word_1_546' title='bbox 153 3940 276 4016; x_wconf 90' lang='lat' dir='ltr'>prolecto</span> <span class='ocrx_word' id='word_1_547' title='bbox 291 3940 439 3996; x_wconf 88' lang='lat' dir='ltr'>auctiorem</span> <span class='ocrx_word' id='word_1_548' title='bbox 471 3937 577 4005; x_wconf 89' lang='lat' dir='ltr'>multo,</span> <span class='ocrx_word' id='word_1_549' title='bbox 602 3939 872 4011; x_wconf 56' lang='lat' dir='ltr'>praestantioremque</span> <span class='ocrx_word' id='word_1_550' title='bbox 896 3953 956 3998; x_wconf 90' lang='lat' dir='ltr'>erat</span> <span class='ocrx_word' id='word_1_551' title='bbox 1006 3948 1086 3993; x_wconf 84' lang='lat' dir='ltr'>erun:</span> <span class='ocrx_word' id='word_1_552' title='bbox 1102 3947 1144 3995; x_wconf 90' lang='lat' dir='ltr'>ast</span> <span class='ocrx_word' id='word_1_553' title='bbox 1162 3954 1269 4010; x_wconf 87' lang='lat' dir='ltr'>semper</span> <span class='ocrx_word' id='word_1_554' title='bbox 1283 3941 1310 4005; x_wconf 86' lang='lat' dir='ltr'>ln</span> <span class='ocrx_word' id='word_1_555' title='bbox 1334 3943 1387 3999; x_wconf 91' lang='lat' dir='ltr'>lino</span> <span class='ocrx_word' id='word_1_556' title='bbox 1412 3923 1499 4000; x_wconf 75' lang='lat' dir='ltr'>linem.</span> <span class='ocrx_word' id='word_1_557' title='bbox 1515 3945 1607 4018; x_wconf 87' lang='lat' dir='ltr'>Neque</span> <span class='ocrx_word' id='word_1_558' title='bbox 1624 3948 1704 4006; x_wconf 87' lang='lat' dir='ltr'>allier</span> <span class='ocrx_word' id='word_1_559' title='bbox 1722 3966 1804 4022; x_wconf 84' lang='lat' dir='ltr'>quani</span> 
     </span>
     <span class='ocr_line' id='line_1_57' title="bbox 154 4027 1803 4115; baseline 0.007 -24"><span class='ocrx_word' id='word_1_560' title='bbox 154 4033 235 4093; x_wconf 90' lang='lat' dir='ltr'>nobis</span> <span class='ocrx_word' id='word_1_561' title='bbox 250 4032 374 4100; x_wconf 86' lang='lat' dir='ltr'>daturus,</span> <span class='ocrx_word' id='word_1_562' title='bbox 390 4030 413 4086; x_wconf 89' lang='lat' dir='ltr'>si</span> <span class='ocrx_word' id='word_1_563' title='bbox 432 4044 487 4086; x_wconf 91' lang='lat' dir='ltr'>non</span> <span class='ocrx_word' id='word_1_564' title='bbox 500 4028 592 4085; x_wconf 91' lang='lat' dir='ltr'>alieno</span> <span class='ocrx_word' id='word_1_565' title='bbox 615 4027 729 4086; x_wconf 90' lang='lat' dir='ltr'>arbitrio</span> <span class='ocrx_word' id='word_1_566' title='bbox 748 4030 796 4096; x_wconf 93' lang='lat' dir='ltr'>uti,</span> <span class='ocrx_word' id='word_1_567' title='bbox 813 4030 862 4086; x_wconf 89' lang='lat' dir='ltr'>sed</span> <span class='ocrx_word' id='word_1_568' title='bbox 885 4046 953 4102; x_wconf 89' lang='lat' dir='ltr'>suo,</span> <span class='ocrx_word' id='word_1_569' title='bbox 1006 4031 1043 4100; x_wconf 83' lang='lat' dir='ltr'>ll,</span> <span class='ocrx_word' id='word_1_570' title='bbox 1065 4043 1111 4087; x_wconf 92' lang='lat' dir='ltr'>ant</span> <span class='ocrx_word' id='word_1_571' title='bbox 1134 4033 1154 4090; x_wconf 81' lang='lat' dir='ltr'>l</span> <span class='ocrx_word' id='word_1_572' title='bbox 1179 4035 1353 4105; x_wconf 86' lang='lat' dir='ltr'>superaddito</span> <span class='ocrx_word' id='word_1_573' title='bbox 1378 4036 1517 4108; x_wconf 86' lang='lat' dir='ltr'>longurio,</span> <span class='ocrx_word' id='word_1_574' title='bbox 1544 4050 1573 4094; x_wconf 91' lang='lat' dir='ltr'>ut</span> <span class='ocrx_word' id='word_1_575' title='bbox 1587 4040 1608 4095; x_wconf 89' lang='lat' dir='ltr'>T</span> <span class='ocrx_word' id='word_1_576' title='bbox 1624 4058 1694 4108; x_wconf 85' lang='grc' dir='ltr'>ιιιιιι,</span> <span class='ocrx_word' id='word_1_577' title='bbox 1721 4054 1803 4115; x_wconf 88' lang='lat' dir='ltr'>atque</span> 
     </span>
     <span class='ocr_line' id='line_1_58' title="bbox 154 4121 1810 4212; baseline 0.008 -31"><span class='ocrx_word' id='word_1_578' title='bbox 154 4125 238 4186; x_wconf 89' lang='lat' dir='ltr'>edere</span> <span class='ocrx_word' id='word_1_579' title='bbox 251 4139 319 4193; x_wconf 74' lang='lat' dir='ltr'>opius</span> <span class='ocrx_word' id='word_1_580' title='bbox 331 4122 483 4195; x_wconf 87' lang='lat' dir='ltr'>egregium,</span> <span class='ocrx_word' id='word_1_581' title='bbox 497 4136 551 4177; x_wconf 93' lang='lat' dir='ltr'>non</span> <span class='ocrx_word' id='word_1_582' title='bbox 565 4121 696 4212; x_wconf 89' lang='lat' dir='ltr'>lestinare</span> <span class='ocrx_word' id='word_1_583' title='bbox 709 4121 858 4181; x_wconf 89' lang='lat' dir='ltr'>debuisset.</span> <span class='ocrx_word' id='word_1_584' title='bbox 1006 4128 1102 4186; x_wconf 87' lang='lat' dir='ltr'>eodern</span> <span class='ocrx_word' id='word_1_585' title='bbox 1129 4139 1215 4187; x_wconf 83' lang='lat' dir='ltr'>tractu</span> <span class='ocrx_word' id='word_1_586' title='bbox 1229 4131 1393 4202; x_wconf 78' lang='lat' dir='ltr'>exprimeret</span> <span class='ocrx_word' id='word_1_587' title='bbox 1404 4132 1539 4189; x_wconf 84' lang='lat' dir='ltr'>librarius.</span> <span class='ocrx_word' id='word_1_588' title='bbox 1555 4134 1640 4202; x_wconf 80' lang='lat' dir='ltr'>Quam</span> <span class='ocrx_word' id='word_1_589' title='bbox 1652 4134 1810 4195; x_wconf 84' lang='lat' dir='ltr'>litterarmn</span> 
     </span>
     <span class='ocr_line' id='line_1_59' title="bbox 191 4214 1802 4300; baseline 0.009 -26"><span class='ocrx_word' id='word_1_590' title='bbox 191 4216 362 4274; x_wconf 82' lang='lat' dir='ltr'>llabillonius</span> <span class='ocrx_word' id='word_1_591' title='bbox 378 4214 478 4287; x_wconf 88' lang='lat' dir='ltr'>ipsein</span> <span class='ocrx_word' id='word_1_592' title='bbox 493 4214 599 4281; x_wconf 89' lang='lat' dir='ltr'>itinere,</span> <span class='ocrx_word' id='word_1_593' title='bbox 614 4214 861 4286; x_wconf 87' lang='lat' dir='ltr'>quodpcrltalianr</span> <span class='ocrx_word' id='word_1_594' title='bbox 878 4217 955 4274; x_wconf 90' lang='lat' dir='ltr'>insti·</span> <span class='ocrx_word' id='word_1_595' title='bbox 1005 4225 1264 4294; x_wconf 88' lang='lat' dir='ltr'>coagmentationem</span> <span class='ocrx_word' id='word_1_596' title='bbox 1287 4225 1411 4282; x_wconf 88' lang='lat' dir='ltr'>licentius</span> <span class='ocrx_word' id='word_1_597' title='bbox 1429 4227 1515 4282; x_wconf 82' lang='lat' dir='ltr'>inulto</span> <span class='ocrx_word' id='word_1_598' title='bbox 1533 4230 1698 4300; x_wconf 78' lang='lat' dir='ltr'>instirpabant</span> <span class='ocrx_word' id='word_1_599' title='bbox 1715 4230 1742 4286; x_wconf 93' lang='lat' dir='ltr'>in</span> <span class='ocrx_word' id='word_1_600' title='bbox 1756 4248 1802 4288; x_wconf 89' lang='lat' dir='ltr'>vo·</span> 
     </span>
     <span class='ocr_line' id='line_1_60' title="bbox 156 4306 1802 4389; baseline 0.007 -21"><span class='ocrx_word' id='word_1_601' title='bbox 156 4311 218 4378; x_wconf 89' lang='lat' dir='ltr'>tull,</span> <span class='ocrx_word' id='word_1_602' title='bbox 238 4307 441 4366; x_wconf 81' lang='lat' dir='ltr'>cum&#39;Bririam</span> <span class='ocrx_word' id='word_1_603' title='bbox 465 4306 605 4372; x_wconf 80' lang='lat' dir='ltr'>inviseret,</span> <span class='ocrx_word' id='word_1_604' title='bbox 630 4321 726 4363; x_wconf 83' lang='lat' dir='ltr'>omnies</span> <span class='ocrx_word' id='word_1_605' title='bbox 750 4306 832 4364; x_wconf 88' lang='lat' dir='ltr'>lrasce</span> <span class='ocrx_word' id='word_1_606' title='bbox 857 4313 953 4366; x_wconf 89' lang='lat' dir='ltr'>vetnsti</span> <span class='ocrx_word' id='word_1_607' title='bbox 1007 4316 1086 4371; x_wconf 82' lang='lat' dir='ltr'>iustis</span> <span class='ocrx_word' id='word_1_608' title='bbox 1101 4315 1233 4387; x_wconf 82' lang='lat' dir='ltr'>lapidibus</span> <span class='ocrx_word' id='word_1_609' title='bbox 1252 4318 1426 4388; x_wconf 87' lang='lat' dir='ltr'>quadratarii.</span> <span class='ocrx_word' id='word_1_610' title='bbox 1442 4319 1499 4375; x_wconf 85' lang='lat' dir='ltr'>Non</span> <span class='ocrx_word' id='word_1_611' title='bbox 1518 4320 1591 4389; x_wconf 83' lang='lat' dir='ltr'>entim</span> <span class='ocrx_word' id='word_1_612' title='bbox 1608 4321 1635 4377; x_wconf 90' lang='lat' dir='ltr'>in</span> <span class='ocrx_word' id='word_1_613' title='bbox 1657 4321 1711 4378; x_wconf 85' lang='lat' dir='ltr'>bne</span> <span class='ocrx_word' id='word_1_614' title='bbox 1723 4321 1802 4380; x_wconf 73' lang='lat' dir='ltr'>lineas</span> 
     </span>
     <span class='ocr_line' id='line_1_61' title="bbox 155 4398 1802 4483; baseline 0.007 -22"><span class='ocrx_word' id='word_1_615' title='bbox 155 4403 207 4461; x_wconf 79' lang='lat' dir='ltr'>aevi</span> <span class='ocrx_word' id='word_1_616' title='bbox 230 4398 357 4473; x_wconf 89' lang='lat' dir='ltr'>reliquias</span> <span class='ocrx_word' id='word_1_617' title='bbox 382 4399 452 4458; x_wconf 91' lang='lat' dir='ltr'>clam</span> <span class='ocrx_word' id='word_1_618' title='bbox 481 4398 590 4467; x_wconf 88' lang='lat' dir='ltr'>babuit;</span> <span class='ocrx_word' id='word_1_619' title='bbox 620 4399 729 4456; x_wconf 84' lang='lat' dir='ltr'>nenvine</span> <span class='ocrx_word' id='word_1_620' title='bbox 751 4416 768 4456; x_wconf 91' lang='lat' dir='ltr'>o</span> <span class='ocrx_word' id='word_1_621' title='bbox 789 4402 954 4459; x_wconf 88' lang='lat' dir='ltr'>nostratibus</span> <span class='ocrx_word' id='word_1_622' title='bbox 1006 4413 1120 4471; x_wconf 88' lang='lat' dir='ltr'>tantum,</span> <span class='ocrx_word' id='word_1_623' title='bbox 1141 4407 1189 4464; x_wconf 90' lang='lat' dir='ltr'>sod</span> <span class='ocrx_word' id='word_1_624' title='bbox 1212 4410 1309 4466; x_wconf 91' lang='lat' dir='ltr'>mediis</span> <span class='ocrx_word' id='word_1_625' title='bbox 1329 4407 1421 4477; x_wconf 85' lang='lat' dir='ltr'>etiarn,</span> <span class='ocrx_word' id='word_1_626' title='bbox 1443 4426 1530 4483; x_wconf 88' lang='lat' dir='ltr'>noque</span> <span class='ocrx_word' id='word_1_627' title='bbox 1554 4411 1606 4469; x_wconf 91' lang='lat' dir='ltr'>boo</span> <span class='ocrx_word' id='word_1_628' title='bbox 1628 4416 1712 4471; x_wconf 88' lang='lat' dir='ltr'>sotncl</span> <span class='ocrx_word' id='word_1_629' title='bbox 1736 4415 1802 4472; x_wconf 86' lang='lat' dir='ltr'>illud</span> 
     </span>
     <span class='ocr_line' id='line_1_62' title="bbox 153 4491 1378 4572; baseline 0.006 -20"><span class='ocrx_word' id='word_1_630' title='bbox 153 4493 241 4552; x_wconf 88' lang='lat' dir='ltr'>lacem</span> <span class='ocrx_word' id='word_1_631' title='bbox 264 4491 436 4565; x_wconf 75' lang='lat' dir='ltr'>prelerente.</span> <span class='ocrx_word' id='word_1_632' title='bbox 459 4491 499 4549; x_wconf 88' lang='lat' dir='ltr'>lle</span> <span class='ocrx_word' id='word_1_633' title='bbox 523 4505 579 4563; x_wconf 90' lang='lat' dir='ltr'>quo</span> <span class='ocrx_word' id='word_1_634' title='bbox 604 4491 729 4562; x_wconf 84' lang='lat' dir='ltr'>equidem</span> <span class='ocrx_word' id='word_1_635' title='bbox 755 4492 828 4550; x_wconf 89' lang='lat' dir='ltr'>inter</span> <span class='ocrx_word' id='word_1_636' title='bbox 851 4494 1196 4571; x_wconf 83' lang='lat' dir='ltr'>artricosDipsurnvidcas</span> <span class='ocrx_word' id='word_1_637' title='bbox 1210 4502 1378 4572; x_wconf 81' lang='lat' dir='ltr'>prestitisse.</span> 
     </span>
     <span class='ocr_line' id='line_1_63' title="bbox 155 4584 1804 4671; baseline 0.01 -30"><span class='ocrx_word' id='word_1_638' title='bbox 155 4601 312 4660; x_wconf 77' lang='lat' dir='ltr'>saepeerarn</span> <span class='ocrx_word' id='word_1_639' title='bbox 326 4591 458 4656; x_wconf 86' lang='lat' dir='ltr'>qnestns;</span> <span class='ocrx_word' id='word_1_640' title='bbox 483 4584 555 4656; x_wconf 91' lang='lat' dir='ltr'>quud</span> <span class='ocrx_word' id='word_1_641' title='bbox 570 4600 623 4641; x_wconf 92' lang='lat' dir='ltr'>nou</span> <span class='ocrx_word' id='word_1_642' title='bbox 648 4584 697 4640; x_wconf 82' lang='lat' dir='ltr'>lias</span> <span class='ocrx_word' id='word_1_643' title='bbox 716 4587 807 4652; x_wconf 92' lang='lat' dir='ltr'>ctiam,</span> <span class='ocrx_word' id='word_1_644' title='bbox 821 4604 872 4645; x_wconf 91' lang='lat' dir='ltr'>una</span> <span class='ocrx_word' id='word_1_645' title='bbox 892 4604 953 4646; x_wconf 89' lang='lat' dir='ltr'>curn</span> <span class='ocrx_word' id='word_1_646' title='bbox 1040 4590 1113 4646; x_wconf 87' lang='lat' dir='ltr'>Nibil</span> <span class='ocrx_word' id='word_1_647' title='bbox 1137 4602 1227 4648; x_wconf 90' lang='lat' dir='ltr'>autem</span> <span class='ocrx_word' id='word_1_648' title='bbox 1242 4595 1409 4666; x_wconf 80' lang='lat' dir='ltr'>frequentius</span> <span class='ocrx_word' id='word_1_649' title='bbox 1428 4596 1454 4653; x_wconf 91' lang='lat' dir='ltr'>in</span> <span class='ocrx_word' id='word_1_650' title='bbox 1469 4597 1562 4655; x_wconf 85' lang='lat' dir='ltr'>codice</span> <span class='ocrx_word' id='word_1_651' title='bbox 1585 4599 1638 4656; x_wconf 89' lang='lat' dir='ltr'>isto</span> <span class='ocrx_word' id='word_1_652' title='bbox 1658 4616 1738 4671; x_wconf 88' lang='lat' dir='ltr'>quam</span> <span class='ocrx_word' id='word_1_653' title='bbox 1760 4603 1804 4658; x_wconf 91' lang='lat' dir='ltr'>lit-</span> 
     </span>
     <span class='ocr_line' id='line_1_64' title="bbox 154 4675 1804 4765; baseline 0.009 -31"><span class='ocrx_word' id='word_1_654' title='bbox 154 4687 197 4736; x_wconf 91' lang='lat' dir='ltr'>lot</span> <span class='ocrx_word' id='word_1_655' title='bbox 210 4677 271 4733; x_wconf 89' lang='lat' dir='ltr'>aliis</span> <span class='ocrx_word' id='word_1_656' title='bbox 290 4675 396 4732; x_wconf 91' lang='lat' dir='ltr'>urbium</span> <span class='ocrx_word' id='word_1_657' title='bbox 411 4675 639 4742; x_wconf 86' lang='lat' dir='ltr'>clarissimarum,</span> <span class='ocrx_word' id='word_1_658' title='bbox 657 4675 854 4736; x_wconf 89' lang='lat' dir='ltr'>immortalibus</span> <span class='ocrx_word' id='word_1_659' title='bbox 866 4683 954 4754; x_wconf 88' lang='lat' dir='ltr'>scrip·</span> <span class='ocrx_word' id='word_1_660' title='bbox 1006 4688 1123 4738; x_wconf 88' lang='lat' dir='ltr'>terarum</span> <span class='ocrx_word' id='word_1_661' title='bbox 1149 4688 1322 4752; x_wconf 73' lang='lat' dir='ltr'>perennalis.</span> <span class='ocrx_word' id='word_1_662' title='bbox 1348 4687 1370 4742; x_wconf 91' lang='lat'>0</span> <span class='ocrx_word' id='word_1_663' title='bbox 1389 4704 1437 4758; x_wconf 82' lang='lat' dir='ltr'>pru</span> <span class='ocrx_word' id='word_1_664' title='bbox 1451 4688 1482 4756; x_wconf 86' lang='lat' dir='ltr'>ll,</span> <span class='ocrx_word' id='word_1_665' title='bbox 1507 4689 1528 4743; x_wconf 88' lang='grc' dir='ltr'><strong>Τ</strong></span> <span class='ocrx_word' id='word_1_666' title='bbox 1552 4705 1601 4761; x_wconf 90' lang='lat' dir='ltr'>pru</span> <span class='ocrx_word' id='word_1_667' title='bbox 1627 4691 1659 4758; x_wconf 87' lang='lat' dir='ltr'>b,</span> <span class='ocrx_word' id='word_1_668' title='bbox 1684 4691 1732 4749; x_wconf 88' lang='lat' dir='ltr'>sed</span> <span class='ocrx_word' id='word_1_669' title='bbox 1748 4709 1804 4765; x_wconf 85' lang='lat' dir='ltr'>pne</span> 
     </span>
     <span class='ocr_line' id='line_1_65' title="bbox 155 4765 1803 4856; baseline 0.008 -29"><span class='ocrx_word' id='word_1_670' title='bbox 155 4769 192 4827; x_wconf 87' lang='lat' dir='ltr'>tis</span> <span class='ocrx_word' id='word_1_671' title='bbox 210 4765 426 4826; x_wconf 87' lang='lat' dir='ltr'>commendasset</span> <span class='ocrx_word' id='word_1_672' title='bbox 448 4768 613 4838; x_wconf 90' lang='lat' dir='ltr'>posteritati.</span> <span class='ocrx_word' id='word_1_673' title='bbox 627 4767 727 4826; x_wconf 83' lang='lat' dir='ltr'>Verum</span> <span class='ocrx_word' id='word_1_674' title='bbox 751 4786 822 4827; x_wconf 83' lang='lat' dir='ltr'>inune</span> <span class='ocrx_word' id='word_1_675' title='bbox 845 4773 954 4832; x_wconf 83' lang='lat' dir='ltr'>tandem</span> <span class='ocrx_word' id='word_1_676' title='bbox 1003 4775 1110 4831; x_wconf 83' lang='lat' dir='ltr'>eatenis</span> <span class='ocrx_word' id='word_1_677' title='bbox 1125 4777 1145 4830; x_wconf 87' lang='lat' dir='ltr'>b</span> <span class='ocrx_word' id='word_1_678' title='bbox 1159 4793 1207 4847; x_wconf 86' lang='lat' dir='ltr'>pro</span> <span class='ocrx_word' id='word_1_679' title='bbox 1222 4777 1252 4844; x_wconf 90' lang='lat' dir='ltr'>ll,</span> <span class='ocrx_word' id='word_1_680' title='bbox 1266 4789 1293 4834; x_wconf 89' lang='lat' dir='ltr'>et</span> <span class='ocrx_word' id='word_1_681' title='bbox 1304 4779 1362 4836; x_wconf 90' lang='lat' dir='ltr'>vico</span> <span class='ocrx_word' id='word_1_682' title='bbox 1374 4796 1450 4836; x_wconf 84' lang='lat' dir='ltr'>versa</span> <span class='ocrx_word' id='word_1_683' title='bbox 1467 4784 1613 4853; x_wconf 88' lang='lat' dir='ltr'>usurpatis.</span> <span class='ocrx_word' id='word_1_684' title='bbox 1627 4785 1704 4850; x_wconf 78' lang='lat' dir='ltr'>Quod</span> <span class='ocrx_word' id='word_1_685' title='bbox 1717 4786 1803 4856; x_wconf 81' lang='lat' dir='ltr'>inipe-</span> 
     </span>
    </p>
   </div>
   <div class='ocr_carea' id='block_1_5' title="bbox 140 4857 1805 5316">
    <p class='ocr_par' dir='ltr' id='par_1_5' title="bbox 140 4857 1805 5316">
     <span class='ocr_line' id='line_1_66' title="bbox 153 4857 1803 4948; baseline 0.013 -34"><span class='ocrx_word' id='word_1_686' title='bbox 153 4861 263 4932; x_wconf 87' lang='lat' dir='ltr'>egregic</span> <span class='ocrx_word' id='word_1_687' title='bbox 276 4869 367 4917; x_wconf 89' lang='lat' dir='ltr'>aetum</span> <span class='ocrx_word' id='word_1_688' title='bbox 382 4857 523 4914; x_wconf 91' lang='lat' dir='ltr'>nobiscum</span> <span class='ocrx_word' id='word_1_689' title='bbox 538 4859 627 4927; x_wconf 82' lang='lat' dir='ltr'>uideo,</span> <span class='ocrx_word' id='word_1_690' title='bbox 641 4875 676 4916; x_wconf 91' lang='lat' dir='ltr'>ne</span> <span class='ocrx_word' id='word_1_691' title='bbox 686 4875 795 4919; x_wconf 90' lang='lat' dir='ltr'>omnem</span> <span class='ocrx_word' id='word_1_692' title='bbox 808 4865 955 4936; x_wconf 86' lang='lat' dir='ltr'>antiquita·</span> <span class='ocrx_word' id='word_1_693' title='bbox 1004 4866 1064 4923; x_wconf 89' lang='lat' dir='ltr'>ritis</span> <span class='ocrx_word' id='word_1_694' title='bbox 1075 4867 1204 4926; x_wconf 87' lang='lat' dir='ltr'>lrarnmce</span> <span class='ocrx_word' id='word_1_695' title='bbox 1217 4885 1306 4928; x_wconf 89' lang='lat' dir='ltr'>rerum</span> <span class='ocrx_word' id='word_1_696' title='bbox 1327 4887 1434 4930; x_wconf 77' lang='lat' dir='ltr'>crucem</span> <span class='ocrx_word' id='word_1_697' title='bbox 1447 4876 1529 4945; x_wconf 89' lang='lat' dir='ltr'>ligere</span> <span class='ocrx_word' id='word_1_698' title='bbox 1538 4874 1683 4945; x_wconf 90' lang='lat' dir='ltr'>aliqnando</span> <span class='ocrx_word' id='word_1_699' title='bbox 1700 4890 1803 4948; x_wconf 74' lang='lat' dir='ltr'>presset.</span> 
     </span>
     <span class='ocr_line' id='line_1_67' title="bbox 140 4952 1805 5036; baseline 0.01 -25"><span class='ocrx_word' id='word_1_700' title='bbox 140 4962 209 5033; x_wconf 16' lang='lat' dir='ltr'>&#39;turn</span> <span class='ocrx_word' id='word_1_701' title='bbox 224 4961 377 5009; x_wconf 86' lang='lat' dir='ltr'>nostrarum</span> <span class='ocrx_word' id='word_1_702' title='bbox 392 4953 551 5025; x_wconf 84' lang='lat' dir='ltr'>memoriam</span> <span class='ocrx_word' id='word_1_703' title='bbox 565 4952 726 5011; x_wconf 91' lang='lat' dir='ltr'>deberemus</span> <span class='ocrx_word' id='word_1_704' title='bbox 745 4959 865 5014; x_wconf 78' lang='lat' dir='ltr'>exieritis</span> <span class='ocrx_word' id='word_1_705' title='bbox 877 4957 954 5033; x_wconf 87' lang='lat' dir='ltr'>inge·</span> <span class='ocrx_word' id='word_1_706' title='bbox 1004 4958 1071 5017; x_wconf 79' lang='lat' dir='ltr'>cum</span> <span class='ocrx_word' id='word_1_707' title='bbox 1083 4976 1136 5017; x_wconf 93' lang='lat' dir='ltr'>non</span> <span class='ocrx_word' id='word_1_708' title='bbox 1151 4962 1237 5019; x_wconf 90' lang='lat' dir='ltr'>semel</span> <span class='ocrx_word' id='word_1_709' title='bbox 1249 4978 1345 5022; x_wconf 88' lang='lat' dir='ltr'>sensus</span> <span class='ocrx_word' id='word_1_710' title='bbox 1362 4965 1421 5036; x_wconf 87' lang='lat' dir='ltr'>ipse</span> <span class='ocrx_word' id='word_1_711' title='bbox 1434 4967 1578 5024; x_wconf 84' lang='lat' dir='ltr'>verborum</span> <span class='ocrx_word' id='word_1_712' title='bbox 1593 4967 1692 5025; x_wconf 83' lang='lat' dir='ltr'>inserti</span> <span class='ocrx_word' id='word_1_713' title='bbox 1713 4970 1805 5027; x_wconf 83' lang='lat' dir='ltr'>ridea-</span> 
     </span>
     <span class='ocr_line' id='line_1_68' title="bbox 152 5042 1804 5132; baseline 0.01 -29"><span class='ocrx_word' id='word_1_714' title='bbox 152 5045 207 5103; x_wconf 89' lang='lat' dir='ltr'>triis</span> <span class='ocrx_word' id='word_1_715' title='bbox 222 5061 229 5100; x_wconf 75' lang='grc' dir='ltr'><strong>ε</strong></span> <span class='ocrx_word' id='word_1_716' title='bbox 245 5052 284 5113; x_wconf 91' lang='lat' dir='ltr'>et,</span> <span class='ocrx_word' id='word_1_717' title='bbox 295 5057 377 5115; x_wconf 90' lang='lat' dir='ltr'>quam</span> <span class='ocrx_word' id='word_1_718' title='bbox 387 5043 414 5100; x_wconf 93' lang='lat' dir='ltr'>in</span> <span class='ocrx_word' id='word_1_719' title='bbox 430 5059 485 5102; x_wconf 92' lang='lat' dir='ltr'>uno</span> <span class='ocrx_word' id='word_1_720' title='bbox 499 5042 620 5101; x_wconf 81' lang='lat' dir='ltr'>llattbmi</span> <span class='ocrx_word' id='word_1_721' title='bbox 634 5053 709 5102; x_wconf 86' lang='lat' dir='ltr'>tertn</span> <span class='ocrx_word' id='word_1_722' title='bbox 721 5046 756 5105; x_wconf 93' lang='lat' dir='ltr'>ab</span> <span class='ocrx_word' id='word_1_723' title='bbox 769 5048 865 5106; x_wconf 89' lang='lat' dir='ltr'>altrice</span> <span class='ocrx_word' id='word_1_724' title='bbox 879 5048 954 5110; x_wconf 91' lang='lat' dir='ltr'>litte-</span> <span class='ocrx_word' id='word_1_725' title='bbox 1003 5060 1061 5109; x_wconf 91' lang='lat' dir='ltr'>tur:</span> <span class='ocrx_word' id='word_1_726' title='bbox 1078 5056 1215 5124; x_wconf 71' lang='lat' dir='ltr'>preterito</span> <span class='ocrx_word' id='word_1_727' title='bbox 1227 5057 1253 5111; x_wconf 93' lang='lat' dir='ltr'>in</span> <span class='ocrx_word' id='word_1_728' title='bbox 1265 5055 1383 5114; x_wconf 83' lang='lat' dir='ltr'>initurum</span> <span class='ocrx_word' id='word_1_729' title='bbox 1397 5066 1520 5131; x_wconf 85' lang='lat' dir='ltr'>ternpus,</span> <span class='ocrx_word' id='word_1_730' title='bbox 1535 5059 1587 5117; x_wconf 87' lang='lat' dir='ltr'>lroc</span> <span class='ocrx_word' id='word_1_731' title='bbox 1599 5060 1627 5117; x_wconf 93' lang='lat' dir='ltr'>in</span> <span class='ocrx_word' id='word_1_732' title='bbox 1641 5060 1707 5117; x_wconf 94' lang='lat' dir='ltr'>illud</span> <span class='ocrx_word' id='word_1_733' title='bbox 1727 5077 1804 5132; x_wconf 79' lang='lat' dir='ltr'>sepe</span> 
     </span>
     <span class='ocr_line' id='line_1_69' title="bbox 152 5133 1802 5223; baseline 0.01 -30"><span class='ocrx_word' id='word_1_734' title='bbox 152 5149 248 5193; x_wconf 89' lang='lat' dir='ltr'>rarum</span> <span class='ocrx_word' id='word_1_735' title='bbox 274 5141 357 5206; x_wconf 91' lang='lat' dir='ltr'>atque</span> <span class='ocrx_word' id='word_1_736' title='bbox 376 5135 475 5191; x_wconf 91' lang='lat' dir='ltr'>artium</span> <span class='ocrx_word' id='word_1_737' title='bbox 497 5133 586 5193; x_wconf 85' lang='lat' dir='ltr'>Gallia</span> <span class='ocrx_word' id='word_1_738' title='bbox 611 5135 677 5193; x_wconf 91' lang='lat' dir='ltr'>olim</span> <span class='ocrx_word' id='word_1_739' title='bbox 701 5139 866 5211; x_wconf 89' lang='lat' dir='ltr'>accepimus,</span> <span class='ocrx_word' id='word_1_740' title='bbox 882 5142 953 5201; x_wconf 85' lang='lat' dir='ltr'>bane</span> <span class='ocrx_word' id='word_1_741' title='bbox 1003 5145 1216 5203; x_wconf 90' lang='lat' dir='ltr'>transeuntibus.</span> <span class='ocrx_word' id='word_1_742' title='bbox 1227 5146 1280 5204; x_wconf 85' lang='lat' dir='ltr'>Sed</span> <span class='ocrx_word' id='word_1_743' title='bbox 1296 5162 1340 5205; x_wconf 84' lang='lat' dir='ltr'>res</span> <span class='ocrx_word' id='word_1_744' title='bbox 1353 5160 1396 5206; x_wconf 89' lang='lat' dir='ltr'>est</span> <span class='ocrx_word' id='word_1_745' title='bbox 1408 5150 1609 5217; x_wconf 85' lang='lat' dir='ltr'>cumennlitis,</span> <span class='ocrx_word' id='word_1_746' title='bbox 1623 5151 1721 5223; x_wconf 90' lang='lat' dir='ltr'>qnibns</span> <span class='ocrx_word' id='word_1_747' title='bbox 1735 5153 1802 5210; x_wconf 91' lang='lat' dir='ltr'>nibil</span> 
     </span>
     <span class='ocr_line' id='line_1_70' title="bbox 150 5226 1803 5316; baseline 0.01 -30"><span class='ocrx_word' id='word_1_748' title='bbox 150 5227 191 5286; x_wconf 85' lang='lat' dir='ltr'>illi</span> <span class='ocrx_word' id='word_1_749' title='bbox 206 5226 280 5286; x_wconf 89' lang='lat' dir='ltr'>ltalia</span> <span class='ocrx_word' id='word_1_750' title='bbox 294 5235 399 5292; x_wconf 84' lang='lat' dir='ltr'>nostra.</span> <span class='ocrx_word' id='word_1_751' title='bbox 415 5226 561 5299; x_wconf 88' lang='lat' dir='ltr'>etquidem</span> <span class='ocrx_word' id='word_1_752' title='bbox 572 5242 634 5286; x_wconf 89' lang='lat' dir='ltr'>cum</span> <span class='ocrx_word' id='word_1_753' title='bbox 648 5227 754 5290; x_wconf 86' lang='lat' dir='ltr'>ioenore</span> <span class='ocrx_word' id='word_1_754' title='bbox 768 5231 952 5307; x_wconf 91' lang='lat' dir='ltr'>utaliquando</span> <span class='ocrx_word' id='word_1_755' title='bbox 1002 5232 1030 5290; x_wconf 91' lang='lat' dir='ltr'>in</span> <span class='ocrx_word' id='word_1_756' title='bbox 1043 5235 1162 5308; x_wconf 88' lang='lat' dir='ltr'>antiquis</span> <span class='ocrx_word' id='word_1_757' title='bbox 1172 5237 1248 5296; x_wconf 88' lang='lat' dir='ltr'>bisce</span> <span class='ocrx_word' id='word_1_758' title='bbox 1262 5241 1447 5299; x_wconf 89' lang='lat' dir='ltr'>monumentis</span> <span class='ocrx_word' id='word_1_759' title='bbox 1461 5241 1803 5316; x_wconf 80' lang='lat' dir='ltr'>perspectius.dliquando</span> 
     </span>
    </p>
   </div>
   <div class='ocr_carea' id='block_1_6' title="bbox 150 5317 1802 5409">
    <p class='ocr_par' dir='ltr' id='par_1_6' title="bbox 150 5317 1802 5409">
     <span class='ocr_line' id='line_1_71' title="bbox 150 5317 1802 5409; baseline 0.01 -31"><span class='ocrx_word' id='word_1_760' title='bbox 150 5321 267 5394; x_wconf 87' lang='lat' dir='ltr'>gratiam</span> <span class='ocrx_word' id='word_1_761' title='bbox 282 5317 426 5392; x_wconf 87' lang='lat' dir='ltr'>rependat.</span> <span class='ocrx_word' id='word_1_762' title='bbox 1002 5330 1084 5387; x_wconf 85' lang='lat' dir='ltr'>etiam</span> <span class='ocrx_word' id='word_1_763' title='bbox 1102 5330 1125 5388; x_wconf 80' lang='lat' dir='ltr'>V</span> <span class='ocrx_word' id='word_1_764' title='bbox 1140 5347 1190 5404; x_wconf 93' lang='lat' dir='ltr'>pro</span> <span class='ocrx_word' id='word_1_765' title='bbox 1214 5332 1249 5401; x_wconf 81' lang='lat' dir='ltr'>Y,</span> <span class='ocrx_word' id='word_1_766' title='bbox 1274 5343 1304 5391; x_wconf 91' lang='lat' dir='ltr'>et</span> <span class='ocrx_word' id='word_1_767' title='bbox 1323 5346 1447 5405; x_wconf 87' lang='lat' dir='ltr'>econtra,</span> <span class='ocrx_word' id='word_1_768' title='bbox 1467 5337 1516 5393; x_wconf 85' lang='lat' dir='ltr'>sed</span> <span class='ocrx_word' id='word_1_769' title='bbox 1538 5351 1621 5409; x_wconf 88' lang='lat' dir='ltr'>paros</span> <span class='ocrx_word' id='word_1_770' title='bbox 1642 5345 1802 5409; x_wconf 90' lang='lat' dir='ltr'>usurpatum</span> 
     </span>
    </p>
   </div>
   <div class='ocr_carea' id='block_1_7' title="bbox 63 5411 1801 5687">
    <p class='ocr_par' dir='ltr' id='par_1_7' title="bbox 63 5411 1801 5687">
     <span class='ocr_line' id='line_1_72' title="bbox 63 5411 1801 5503; baseline 0.01 -34"><span class='ocrx_word' id='word_1_771' title='bbox 63 5494 65 5499; x_wconf 25' lang='lat'><strong>⁴</strong></span> <span class='ocrx_word' id='word_1_772' title='bbox 187 5413 287 5472; x_wconf 78' lang='lat' dir='ltr'>Forma</span> <span class='ocrx_word' id='word_1_773' title='bbox 309 5411 428 5478; x_wconf 79' lang='lat' dir='ltr'>codicis,</span> <span class='ocrx_word' id='word_1_774' title='bbox 454 5411 572 5486; x_wconf 86' lang='lat' dir='ltr'>oblonga</span> <span class='ocrx_word' id='word_1_775' title='bbox 595 5423 638 5472; x_wconf 90' lang='lat' dir='ltr'>est</span> <span class='ocrx_word' id='word_1_776' title='bbox 656 5414 709 5485; x_wconf 90' lang='lat' dir='ltr'>ita,</span> <span class='ocrx_word' id='word_1_777' title='bbox 730 5426 761 5474; x_wconf 95' lang='lat' dir='ltr'>ut</span> <span class='ocrx_word' id='word_1_778' title='bbox 779 5417 950 5480; x_wconf 86' lang='lat' dir='ltr'>latitudinem</span> <span class='ocrx_word' id='word_1_779' title='bbox 1002 5423 1093 5482; x_wconf 87' lang='lat' dir='ltr'>inveni</span> <span class='ocrx_word' id='word_1_780' title='bbox 1108 5426 1288 5496; x_wconf 82' lang='lat' dir='ltr'>inblattbaeo,</span> <span class='ocrx_word' id='word_1_781' title='bbox 1303 5428 1471 5488; x_wconf 84' lang='lat' dir='ltr'>etloanne:</span> <span class='ocrx_word' id='word_1_782' title='bbox 1489 5447 1606 5487; x_wconf 83' lang='grc' dir='ltr'>ιιιιιιιιιιιι</span> <span class='ocrx_word' id='word_1_783' title='bbox 1624 5430 1730 5488; x_wconf 89' lang='lat' dir='ltr'>scilieet</span> <span class='ocrx_word' id='word_1_784' title='bbox 1752 5444 1801 5503; x_wconf 91' lang='lat' dir='ltr'>pro</span> 
     </span>
     <span class='ocr_line' id='line_1_73' title="bbox 149 5507 1801 5595; baseline 0.009 -28"><span class='ocrx_word' id='word_1_785' title='bbox 149 5509 397 5579; x_wconf 88' lang='lat' dir='ltr'>lermequadrante</span> <span class='ocrx_word' id='word_1_786' title='bbox 409 5516 532 5578; x_wconf 85' lang='lat' dir='ltr'>superet.</span> <span class='ocrx_word' id='word_1_787' title='bbox 544 5507 609 5579; x_wconf 79' lang='lat' dir='ltr'>ejus</span> <span class='ocrx_word' id='word_1_788' title='bbox 621 5508 797 5580; x_wconf 77' lang='lat' dir='ltr'>membranae,</span> <span class='ocrx_word' id='word_1_789' title='bbox 812 5512 952 5587; x_wconf 90' lang='lat' dir='ltr'>liectpur·</span> <span class='ocrx_word' id='word_1_790' title='bbox 1001 5535 1125 5590; x_wconf 74' lang='lat' dir='ltr'>myrram,</span> <span class='ocrx_word' id='word_1_791' title='bbox 1146 5530 1174 5577; x_wconf 92' lang='lat' dir='ltr'>et</span> <span class='ocrx_word' id='word_1_792' title='bbox 1199 5522 1302 5594; x_wconf 76' lang='lat' dir='ltr'>orrbpm</span> <span class='ocrx_word' id='word_1_793' title='bbox 1321 5538 1371 5595; x_wconf 89' lang='lat' dir='ltr'>pro</span> <span class='ocrx_word' id='word_1_794' title='bbox 1383 5524 1497 5583; x_wconf 78' lang='lat' dir='ltr'>aerenum.</span> <span class='ocrx_word' id='word_1_795' title='bbox 1524 5527 1591 5593; x_wconf 76' lang='lat' dir='ltr'>(luas</span> <span class='ocrx_word' id='word_1_796' title='bbox 1612 5526 1715 5593; x_wconf 89' lang='lat' dir='ltr'>omnia,</span> <span class='ocrx_word' id='word_1_797' title='bbox 1742 5526 1801 5582; x_wconf 84' lang='lat' dir='ltr'>sire</span> 
     </span>
     <span class='ocr_line' id='line_1_74' title="bbox 149 5597 1800 5687; baseline 0.01 -30"><span class='ocrx_word' id='word_1_798' title='bbox 149 5615 218 5674; x_wconf 84' lang='lat' dir='ltr'>pera</span> <span class='ocrx_word' id='word_1_799' title='bbox 231 5599 322 5654; x_wconf 78' lang='lat' dir='ltr'>tinctae</span> <span class='ocrx_word' id='word_1_800' title='bbox 341 5598 452 5664; x_wconf 89' lang='lat' dir='ltr'>lnerint,</span> <span class='ocrx_word' id='word_1_801' title='bbox 467 5597 589 5668; x_wconf 78' lang='lat' dir='ltr'>plurimas</span> <span class='ocrx_word' id='word_1_802' title='bbox 610 5608 699 5656; x_wconf 88' lang='lat' dir='ltr'>tamen</span> <span class='ocrx_word' id='word_1_803' title='bbox 724 5609 858 5661; x_wconf 81' lang='lat' dir='ltr'>vetustate</span> <span class='ocrx_word' id='word_1_804' title='bbox 881 5614 951 5662; x_wconf 89' lang='lat' dir='ltr'>tem·</span> <span class='ocrx_word' id='word_1_805' title='bbox 1000 5610 1145 5680; x_wconf 88' lang='lat' dir='ltr'>lectorum,</span> <span class='ocrx_word' id='word_1_806' title='bbox 1161 5624 1208 5671; x_wconf 91' lang='lat' dir='ltr'>ant</span> <span class='ocrx_word' id='word_1_807' title='bbox 1221 5614 1418 5687; x_wconf 85' lang='lat' dir='ltr'>descriptorum</span> <span class='ocrx_word' id='word_1_808' title='bbox 1433 5618 1508 5686; x_wconf 87' lang='lat' dir='ltr'>vitiu,</span> <span class='ocrx_word' id='word_1_809' title='bbox 1531 5636 1579 5676; x_wconf 89' lang='lat' dir='ltr'>sen</span> <span class='ocrx_word' id='word_1_810' title='bbox 1590 5618 1682 5676; x_wconf 58' lang='lat' dir='ltr'>iterius</span> <span class='ocrx_word' id='word_1_811' title='bbox 1695 5617 1800 5675; x_wconf 83' lang='lat' dir='ltr'>idiotis-</span> 
     </span>
    </p>
   </div>
   <div class='ocr_carea' id='block_1_8' title="bbox 99 5689 1799 5784">
    <p class='ocr_par' dir='ltr' id='par_1_8' title="bbox 99 5689 1799 5784">
     <span class='ocr_line' id='line_1_75' title="bbox 99 5689 1799 5784; baseline 0.014 -37"><span class='ocrx_word' id='word_1_812' title='bbox 99 5689 897 5782; x_wconf 51' lang='lat' dir='ltr'>fflriscoerulelspcclonrpracselorurit.Clraraelcrcs,</span> <span class='ocrx_word' id='word_1_813' title='bbox 912 5704 950 5761; x_wconf 92' lang='lat' dir='ltr'>uti</span> <span class='ocrx_word' id='word_1_814' title='bbox 1000 5705 1053 5764; x_wconf 89' lang='lat' dir='ltr'>mis</span> <span class='ocrx_word' id='word_1_815' title='bbox 1078 5708 1185 5767; x_wconf 90' lang='lat' dir='ltr'>illorum</span> <span class='ocrx_word' id='word_1_816' title='bbox 1211 5720 1362 5784; x_wconf 89' lang='lat' dir='ltr'>temporum</span> <span class='ocrx_word' id='word_1_817' title='bbox 1386 5712 1504 5782; x_wconf 83' lang='lat' dir='ltr'>tribuas,</span> <span class='ocrx_word' id='word_1_818' title='bbox 1529 5727 1633 5772; x_wconf 89' lang='lat' dir='ltr'>certurn</span> <span class='ocrx_word' id='word_1_819' title='bbox 1660 5725 1704 5773; x_wconf 91' lang='lat' dir='ltr'>est</span> <span class='ocrx_word' id='word_1_820' title='bbox 1731 5730 1799 5772; x_wconf 82' lang='lat' dir='ltr'>tries.</span> 
     </span>
    </p>
   </div>
   <div class='ocr_carea' id='block_1_9' title="bbox 0 0 1910 6144">
    <p class='ocr_par' dir='ltr' id='par_1_9' title="bbox 0 0 1910 6144">
     <span class='ocr_line' id='line_1_76' title="bbox 0 0 1910 6144; baseline 0 0"><span class='ocrx_word' id='word_1_821' title='bbox 0 0 1910 6144; x_wconf 95' lang='lat' dir='ltr'> </span> 
     </span>
    </p>
   </div>
  </div>
 </body>
</html>
