3810 6144
125 248 179 308 ddi
393 246 529 307 sussen
543 244 715 305 runcato.
736 243 966 306 evaseserunt
984 242 1056 304 cult
1075 243 1191 304 vastis
1207 242 1286 304 001).
1303 241 1502 306 eutmruu.
1723 246 1777 305 528

323 362 438 421 CODEX
457 357 726 421 vfflcsutsusls.
1192 359 1310 420 counit
1329 359 1559 420 venesensis.

129 470 193 512 eum
204 496 211 524 ,
224 454 293 512 dixit
307 475 313 510 ι
395 463 398 468 ’
546 455 648 529 hymno
662 456 719 513 dic·
977 458 1046 516 dixit
1060 475 1068 517 :
1083 458 1169 516 Num·
1393 457 1442 513 tris
1457 457 1522 513 mei.

128 526 264 599 Numquid
546 537 574 585 to
585 569 593 594 ,
605 528 730 585 exierunt
977 529 1040 602 quid
1056 546 1107 600 eqo
1119 545 1179 587 sum
1393 528 1438 586 au.
1460 528 1494 584 Et
1508 528 1611 600 hymno
1625 527 1667 584 di-

128 614 179 670 eqo
193 614 254 655 sum
268 599 341 656 itale
545 599 572 655 in
588 608 707 656 montem
978 601 1083 659 llabluil
1393 608 1449 665 cto,
1464 599 1590 657 exierunt

128 669 176 725 bil
190 671 260 726 llicit
272 670 385 728 eileaus
398 687 405 725 r
544 669 654 727 oliveti.
976 673 1028 729 ditl
1040 674 1079 729 illi
1092 673 1172 730 lesus
1188 691 1195 731 :
1393 669 1420 725 in
1436 680 1556 728 montem

128 740 168 797 'l'u
180 741 283 798 dixisti.
544 743 589 799 51.
610 743 687 798 'lunc
697 741 763 798 dicit
775 741 809 798 il·
976 742 1018 799 Tu
1030 744 1132 801 dixisti.
1392 740 1503 802 olibeti.
1526 748 1556 807 »Β

126 812 172 868 26.
192 812 261 885 ipsis
275 822 366 872 autem
545 814 577 871 lis
589 814 669 871 lesus
685 831 692 869 :
708 814 812 871 Omnes
976 814 1023 872 26.
1044 815 1113 886 Ipsis
1125 824 1215 873 autem
1393 814 1439 868 sl.
1460 812 1538 870 'l'unc
1551 813 1618 871 dicit
1636 815 1670 870 il·

127 885 309 951 cenantibus,
544 900 592 941 uos
602 886 717 943 scanda-
976 889 1136 944 cenantibus
1395 890 1424 949 »Β
1447 885 1479 942 iis
1494 903 1500 941 :
1515 886 1616 944 Omnes
1629 900 1678 942 uos

132 957 331 1029 accepitlesus
544 959 599 1014 lum
615 957 739 1030 patiemi-
976 958 1174 1030 amepitlesus
1392 957 1552 1013 scandalum

163 1044 224 1086 nem
242 1069 250 1094 ,
266 1037 369 1087 etcum
544 1030 572 1086 ni
585 1028 613 1085 in
628 1044 689 1095 me,
701 1028 752 1086 luae
977 1045 1085 1101 panem,
1102 1037 1131 1088 et
1145 1030 1193 1086 be-
1392 1029 1534 1098 patiemini
1545 1031 1574 1085 in

163 1099 283 1158 nedixis-
545 1109 635 1157 nocte.
652 1100 745 1171 Scrip
976 1100 1091 1169 nedixit,
1107 1115 1139 1158 ac
1392 1115 1448 1165 rne,
1465 1100 1493 1156 in
1507 1104 1559 1157 ista

125 1179 207 1240 set„
230 1171 364 1299 effluet
545 1182 601 1230 tum
612 1171 762 1257 estenim:
975 1173 1067 1256 ireqit,
1080 1172 1169 1257 (ζωῆς
1395 1181 1486 1254 noete.

126 1241 388 1383 lessellis
543 1246 761 1389 illitis..
974 1244 1182 1401 stultitiis
1393 1242 1661 1400 {stellein

126 1383 150 1440 Α
153 1425 311 1443 ......
327 1395 354 1443 te
365 1426 372 1452 ,
384 1394 413 1443 et
542 1390 700 1461 dispargen·
974 1388 1109 1456 llccrprte,
1124 1395 1152 1444 ct
1392 1395 1542 1456 pastorem,
1556 1396 1583 1444 et
1597 1387 1655 1444 drs·

604 1474 689 1517 ‚oues
702 1474 764 1532 gre·
975 1460 1138 1586 marlrducate
1393 1468 1540 1529 purgentur
1555 1472 1619 1516 oues

587 1574 595 1590 ,
1201 1546 1208 1584 :
1411 1546 1423 1583 r
1458 1546 1499 1586 e.

541 1548 587 1662 ἐξ.
607 1604 708 1660 Verum
712 1639 868 1658 ......
974 1543 1186 1661 {dclgsctffis
1391 1545 1514 1658 {dfgssed
1529 1610 1673 1675 postquam

125 1672 171 1728 57.
191 1673 226 1730 Et
239 1688 265 1728 a.
289 1711 296 1728 .
317 1710 325 1727 .
348 1713 355 1728 .
376 1680 459 1731 toca-
541 1686 583 1744 tea
598 1691 680 1748 quam
694 1689 754 1731 sur·
973 1688 1073 1745 eorpus
1089 1688 1191 1730 meum.
1392 1687 1580 1742 resurrexero,

127 1784 255 1802 .....
271 1743 384 1801 benedi·
540 1763 658 1815 resero,
675 1761 754 1818 prae·
973 1747 1018 1801 27.
1040 1746 1075 1801 Et
1090 1745 1227 1814 accipiens
1390 1760 1471 1816 prae-

127 1853 255 1873 .....
271 1816 372 1944 ςταιίἓε
540 1819 636 1902 cedam
649 1833 697 1875 ros
708 1818 737 1874 in
973 1818 1086 1901 calicem
1100 1833 1164 1889 qra-
1389 1817 1485 1943 ἓεᾱρω
1499 1831 1547 1873 uos
1562 1817 1589 1872 in

124 1895 387 2026 draeismiceemz*
541 1891 729 2021 fioai'sseezrrld’e·
973 1895 1162 2028 ggdiffilltisft
1390 1888 1637 2031 ssaf'lfiaeffponuens

124 2030 170 2087 28.
191 2030 241 2086 llic
259 2039 303 2089 est
315 2046 378 2088 san·
542 2035 616 2092 bitis.
973 2031 1088 2089 dicens:
1104 2034 1157 2087 dc·
1389 2040 1478 2088 autern
1491 2032 1599 2099 Petrus,

123 2101 273 2172 quismeus
542 2107 587 2164 33.
607 2101 787 2174 Respondeas
974 2104 1068 2176 cipite,
1084 2103 1165 2159 ethi·
1389 2103 1565 2175 ait:(e)Si·l·

123 2172 188 2229 nori
200 2182 282 2230 testa·
299 2244 301 2247 Ι
542 2187 634 2234 antem
650 2176 689 2232 llli
706 2175 756 2232 Pc-
972 2175 1030 2232 bite
1045 2189 1080 2231 ex
1093 2174 1156 2230 hoc.
1388 2189 1484 2233 omnes
1497 2189 1576 2230 scan-

124 2245 210 2301 menti
224 2285 232 2313 ,
246 2245 294 2329 qui
542 2259 612 2316 trus,
624 2248 692 2303 dixit
706 2265 713 2301 ε
730 2244 768 2320 (o)
778 2243 842 2315 Si†
972 2244 1018 2303 28.
1040 2247 1091 2302 llic
1103 2255 1144 2302 est
1157 2243 1230 2301 enim
1389 2246 1580 2302 dalicabnotur

124 2316 279 2387 promulus
541 2333 730 2376 omncsscan-
973 2319 1174 2386 sanquismeus
1390 2318 1466 2385 inte,
1482 2332 1533 2388 ego

124 2387 271 2444 manditur
541 2390 650 2447 dalinati
665 2389 727 2446 lue·
972 2389 1047 2456 novi,
1063 2399 1091 2446 ct
1103 2391 1210 2445 aeterni
1389 2403 1534 2460 numquam
1548 2402 1627 2446 scan-

123 2458 153 2515 in
168 2458 308 2516 remissio·
542 2464 597 2519 rint
609 2463 637 2518 in
648 2471 685 2528 te,
699 2474 750 2533 eqo
974 2461 1141 2527 testamenti,
1389 2460 1535 2516 dalicabor.

122 2545 374 2658 dimersio
541 2548 694 2660 ”millii
972 2530 1188 2659 ll¹⁹l⁰l¹¹⁰ll⁵
1389 2530 1585 2659 &illidii

162 2641 170 2657 .
285 2642 292 2657 .
695 2633 708 2645 -
1097 2620 1152 2659 uri
1479 2620 1486 2656 :

123 2681 214 2729 autem
228 2671 306 2734 rolris
320 2688 328 2729 :
539 2621 666 2732 Ξῗῃῠοτι.
687 2674 732 2729 llit
746 2688 796 2729 au·
972 2620 1160 2732 walonem
1171 2687 1236 2746 pec·
1389 2674 1450 2730 dico
1465 2672 1524 2742 tibi,

123 2758 178 2800 non
191 2743 280 2799 biliam
541 2755 596 2802 tem
610 2747 693 2802 Petro
972 2755 1106 2803 catorum.
1389 2745 1463 2817 quod
1477 2742 1517 2817 (l)
1532 2744 1583 2801 hac
1596 2745 1615 2816 i·

123 2829 158 2872 ex
174 2813 192 2870 lr
195 2851 354 2869 ......
540 2816 619 2874 lesus
635 2834 642 2871 ε
657 2815 747 2874 Amen
758 2815 800 2871 di·
971 2816 1017 2874 29.
1039 2818 1106 2874 Dico
1117 2826 1209 2874 autem
1224 2832 1279 2874 uo-
1389 2824 1553 2873 nocteante-

124 2893 182 2943 tura
186 2924 344 2943 ......
541 2903 574 2945 co
590 2888 648 2955 tibi,
660 2888 722 2960 quia
972 2887 1015 2943 bis
1031 2907 1038 2943 r
1052 2905 1106 2946 non
1120 2889 1210 2946 bibam
1386 2904 1466 2958 quam
1479 2887 1566 2959 gallus

124 2973 202 3031 usqu.
218 2997 234 3042 .·
256 2974 264 3014 ε
284 2996 293 3015 .
315 2997 322 3012 .
345 2952 401 3011 .ἰΙ·
541 2959 579 3034 (l)
593 2958 704 3043 nocte†
719 2958 771 3014 hac
784 2971 828 3012 an·
973 2960 1071 3017 amodo
1079 2961 1115 3017 dc
1126 2959 1181 3044 ΙΙιρο
1387 2968 1490 3025 mutet,
1502 2968 1544 3043 ter

122 3027 291 3158 lillis
539 3031 778 3160 salutet
971 3042 1208 3159 llll'lllln
1387 3029 1568 3159 leitils·

122 3172 214 3229 bibam
224 3171 316 3229 uobis·
538 3173 625 3243 gabis.
971 3119 1043 3230 (me
1055 3120 1146 3244 illusa,
1162 3190 1224 3231 cum
1388 3142 1501 3229 Peiros:
1515 3173 1628 3230 Etiamsi

123 3257 186 3300 cnm
196 3258 296 3301 norum
539 3246 583 3303 55.
603 3247 649 3302 Ait
658 3245 683 3302 ei
696 3244 810 3302 Petrus:
972 3245 1038 3301 illud
1051 3246 1140 3302 bibam
1154 3260 1202 3302 ro-
1388 3261 1433 3302 me
1443 3255 1591 3316 opportue-

123 3314 246 3399 inreqeo
257 3314 308 3400 ¹²²¹?
601 3359 608 3374 .
630 3317 654 3373 si
664 3325 793 3388 oportue·
971 3315 1076 3399 liscum
1093 3319 1205 3387 nobum,
1387 3317 1424 3372 rit
1438 3317 1506 3372 mori
1524 3326 1563 3374 te-

123 3386 168 3443 30.
189 3397 237 3444 trus
252 3402 317 3443 mer.
330 3385 364 3442 Et
540 3398 575 3444 rrt
588 3404 632 3445 mc
647 3397 735 3445 tecum
972 3403 999 3443 tn
1014 3402 1099 3461 regno
1112 3389 1163 3445 Pa·
1387 3403 1458 3456 cum,
1474 3403 1530 3444 non

329 3501 454 3575 qulllEX
468 3502 705 3563 consulensis.
1204 3505 1322 3564 CODEX
1340 3505 1540 3564 BilllllllNUS.

116 3597 210 3654 dixit:
227 3597 362 3671 Numquid
374 3614 425 3672 eqo
440 3615 500 3656 sum
514 3599 677 3657 llabbildit
690 3597 804 3655 illit'l'u
815 3596 918 3654 dixisti.
972 3597 1068 3655 dixit:
1089 3597 1223 3671 Numquid
1238 3613 1288 3669 eqo
1309 3614 1369 3654 sunu
1398 3595 1775 3656 lirrblii.ditillilesus.'lu

122 3669 401 3728 coenantibusautem
414 3671 575 3743 eis,accepit
587 3672 667 3729 lesus
681 3682 826 3742 pauem,et
838 3671 924 3726 liene·
973 3668 1362 3726 dixisti.Cnenantibusautem
1373 3671 1413 3725 eis
1423 3675 1529 3740 acecpit
1541 3669 1619 3726 lesos
1633 3684 1733 3740 panenr
1745 3681 1775 3727 et

123 3741 203 3808 dixit,
219 3756 251 3797 ac
262 3742 353 3813 fregit,
363 3743 490 3814 deditque
504 3744 644 3814 discipulis
660 3743 734 3808 suis,
747 3758 776 3804 er
795 3743 832 3797 ait
848 3744 921 3797 :lle-
972 3740 1138 3799 benedicens
1149 3741 1229 3812 ireqit
1243 3753 1270 3798 et
1283 3739 1684 3811 deditdiscipulissuisdiccns.
1695 3743 1776 3798 dcci·

122 3811 245 3882 cipite,et
257 3812 265 3843 ¹
280 3813 490 3870 comedite:lroc
502 3824 544 3872 est
557 3829 656 3885 corpus
667 3828 756 3869 meum
765 3813 856 3883 *qood
870 3827 921 3883 pro
973 3814 1029 3883 pite
1038 3823 1065 3869 et
1080 3813 1163 3870 edite.
1176 3813 1228 3868 lroc
1238 3814 1466 3883 estcnimcorpus
1481 3829 1581 3868 inerim.
1590 3812 1624 3868 Et
1635 3814 1774 3883 accipiens

122 3883 200 3939 uoltis
216 3884 346 3940 tradetur.
369 3884 404 3939 Et
417 3886 475 3941 acci
496 3886 554 3941 iens
566 3886 679 3942 calicem
691 3884 792 3957 gratias
803 3884 858 3955 egit
873 3901 881 3939 ε
894 3892 922 3939 et
975 3885 1089 3942 calicem
1103 3885 1205 3956 gratias
1224 3885 1280 3954 epit
1294 3894 1322 3939 ct
1343 3884 1418 3940 dedit
1440 3884 1494 3940 illis
1506 3885 1612 3941 dicens·
1630 3883 1719 3941 Bibite
1740 3900 1775 3941 cx

122 3953 219 4010 dedit¹
234 3953 373 4025 discipulis
386 3900 561 4024 suis,ldicens
577 3973 585 4010 ε
605 3956 692 4013 Bituite
704 3971 737 4014 ea
750 3955 802 4010 lroc
814 3969 921 4011 omnes.
975 3955 1029 4012 noc
1042 3971 1137 4012 omnes
1157 3956 1206 4011 llic
1222 3966 1264 4011 est
1276 3955 1347 4012 enirn
1370 3956 1481 4026 sangnis
1505 3971 1591 4011 urceus.
1612 3957 1675 4012 noui
1692 3965 1775 4012 testa·

123 4025 172 4081 llic
183 4033 226 4082 est
239 4027 311 4081 enirn
326 4028 436 4098 sanquis
451 4042 528 4083 nuens
542 4027 603 4082 noui
619 4026 793 4092 testamenti,
809 4027 855 4098 qui
872 4040 922 4096 pro
975 4029 1060 4083 uirenti
1073 4029 1119 4098 qui
1136 4043 1186 4096 pro
1202 4027 1294 4082 multis
1309 4026 1463 4082 effundetur
1477 4027 1504 4082 in
1519 4028 1693 4083 remissione.
1711 4043 1776 4098 pec·

14 4129 16 4134 ·
122 4098 215 4152 multis
228 4096 382 4153 ellundetur
397 4100 424 4153 in
443 4099 631 4154 remissionem
647 4100 832 4168 peccatorum.
853 4098 920 4153 llice
974 4108 1108 4155 catorum.
1124 4099 1190 4154 ilico
1212 4108 1302 4155 autem
1319 4099 1396 4154 robis
1409 4099 1472 4168 quia
1493 4114 1547 4153 non
1561 4098 1653 4155 bibam
1671 4098 1773 4154 arrxrido

123 4175 213 4225 autem
229 4169 307 4224 robis
322 4185 329 4222 :
345 4185 399 4225 non
427 4168 518 4225 binam
541 4171 639 4226 amodo
653 4171 688 4226 dc
712 4171 764 4226 luoc
784 4170 922 4240 genimine
974 4185 1010 4225 ex
1022 4169 1073 4225 hac
1085 4170 1264 4240 generatione
1281 4171 1345 4226 uitis
1359 4184 1446 4240 usquc
1461 4170 1488 4224 in
1508 4171 1582 4226 diem
1609 4170 1694 4225 illum.
1709 4186 1773 4225 curu

122 4240 201 4304 vitis,
218 4241 345 4312 usquein
367 4240 440 4298 diem
462 4241 556 4305 illum,
578 4257 660 4313 quum
676 4242 741 4298 illud
761 4240 851 4296 bibam
874 4255 922 4296 uo·
975 4240 1040 4297 illud
1057 4242 1147 4299 bibam
1162 4242 1301 4298 uobiscum
1315 4257 1417 4298 norum
1433 4241 1459 4296 in
1473 4257 1556 4312 regno
1569 4241 1660 4297 Patris
1671 4241 1738 4297 mei.

122 4308 225 4367 hiscum
239 4326 338 4367 norum
354 4313 380 4367 in
396 4327 479 4383 reguo
493 4313 582 4369 Patris
595 4313 658 4370 mei.
671 4313 704 4370 llt
722 4314 823 4385 liymno
835 4311 920 4378 dicto,
1011 4313 1046 4369 Et
1079 4330 1143 4370 mnu
1155 4313 1239 4370 dicto.
1256 4314 1381 4369 exierunt
1396 4313 1422 4368 in
1437 4325 1556 4369 montem
1570 4312 1681 4368 oliveti.
1698 4313 1775 4370 lintre

123 4382 247 4438 exierunt
261 4382 289 4439 in
304 4392 424 4440 montem
435 4383 544 4441 Oliveti.
864 4456 866 4461 Ι
973 4383 1041 4440 dicit
1052 4329 1107 4441 iltis
1121 4385 1211 4442 lesus.
1227 4385 1329 4441 Omnes
1343 4400 1393 4441 vos
1413 4384 1571 4441 scandalum
1585 4384 1730 4455 patiemini
1748 4387 1773 4440 iu

159 4451 358 4511 textilium
374 4455 439 4511 dicit
452 4456 507 4512 illis
530 4455 609 4513 lesus
626 4474 633 4511 ε
649 4455 750 4514 Omnes
762 4470 813 4512 vos
838 4469 919 4511 scan-
973 4472 1017 4513 rue
1033 4457 1059 4511 in
1073 4457 1123 4513 luae
1136 4465 1225 4513 nocte.
1241 4457 1526 4513 Scribtumcstenirn.
1540 4455 1696 4512 Percutiam
1714 4472 1775 4526 paa-

121 4523 214 4581 dalum
227 4525 366 4596 patiemini
378 4526 405 4582 in
428 4543 489 4593 me,
504 4529 532 4583 in
546 4528 596 4583 ista
619 4540 709 4585 nocte.
727 4528 920 4597 scriptumest
972 4535 1070 4583 torem.
1094 4536 1123 4584 et
1136 4528 1328 4599 dispargentur
1346 4542 1413 4584 oues
1431 4531 1533 4598 gregis.
1551 4527 1606 4584 Sed
1628 4536 1774 4600 postquam

121 4596 194 4652 enim
210 4614 217 4651 ε
235 4597 388 4654 Percutiam
412 4608 566 4670 pastorem,
590 4609 617 4656 et
641 4600 830 4672 dispergentur
853 4613 918 4654 oues
971 4615 1158 4656 resurrexero.
1176 4599 1336 4670 praecedam
1352 4615 1401 4654 ros
1421 4600 1448 4654 in
1463 4599 1605 4656 Gallicam.
1629 4599 1774 4669 ‚Respon-

120 4668 220 4740 qrepis.
235 4668 381 4740 Postquam
392 4680 482 4726 autem
493 4686 680 4737 resurrexero,
698 4670 856 4741 praecedam
868 4683 918 4724 uos
970 4671 1038 4727 dens
1061 4681 1151 4727 autern
1167 4671 1264 4728 Petrus
1286 4673 1324 4726 ait
1339 4670 1377 4727 illi
1401 4670 1459 4726 Etsi
1475 4685 1570 4727 omnes
1597 4670 1773 4727 scandalizati

120 4739 316 4797 inGalilueam.
331 4739 509 4813 Respondens
522 4752 613 4799 autem
629 4743 736 4810 Petrus,
751 4745 790 4798 ait
804 4743 864 4798 illi:
883 4740 915 4797 Et
970 4741 1071 4798 luerint
1097 4743 1124 4799 in
1153 4753 1189 4799 te.
1218 4757 1269 4814 ego
1296 4758 1442 4812 numquam
1473 4740 1694 4798 scandalizabor.
1725 4782 1732 4797 .
1764 4779 1773 4796 .

120 4810 145 4864 si
156 4827 251 4869 omnes
264 4811 441 4869 scandalizati
456 4811 558 4868 luerint
580 4812 606 4869 in
628 4822 673 4880 te,
701 4829 752 4884 ego
768 4827 915 4884 numquam
971 4815 1016 4869 uit
1028 4814 1066 4871 illi
1081 4814 1160 4872 lesus
1175 4816 1263 4871 Arnen
1275 4812 1337 4870 dico
1350 4814 1397 4869 tibi
1406 4813 1468 4886 quia
1483 4814 1510 4868 in
1525 4812 1576 4868 lrac
1587 4825 1681 4870 nocte.
1695 4825 1775 4870 ante·

120 4882 335 4941 scandalizabor.
359 4884 405 4940 Ait
425 4883 575 4941 illilesus:
590 4886 676 4940 limen
691 4884 752 4941 dico
774 4885 833 4952 tini,
853 4884 917 4955 quia
971 4901 1053 4954 quam
1075 4887 1162 4958 gallus
1176 4894 1268 4942 cantet
1294 4895 1334 4941 ter
1353 4900 1398 4941 me
1412 4884 1534 4956 negabis.
1549 4884 1645 4942 nicini
1662 4884 1773 4943 Petras.

120 4949 148 5006 in
165 4953 216 5008 trac
225 4967 306 5012 nocte
314 4965 460 5028 antequam
472 4955 560 5028 gallus
570 4965 671 5020 cantet,
688 4966 729 5012 ter
740 4955 915 5026 meneqaois.
971 4956 1095 5015 Etiamsi
1107 4974 1151 5016 me
1170 4958 1341 5030 opportuerit
1355 4956 1424 5014 mori
1448 4967 1537 5014 tecum

119 5021 167 5081 an
180 5021 220 5080 illi
234 5022 329 5084 Petrus
344 5045 351 5083 r
367 5027 454 5085 Etiam
470 5029 494 5084 si
513 5026 668 5100 oportuerit
684 5043 728 5085 nra
742 5026 814 5083 mori
828 5033 917 5084 tecum

463 5190 662 5250 VdeAllTES
680 5189 874 5251 OECTIONES
890 5189 1024 5250 conteis
1041 5191 1098 5249 tls.
1119 5192 1149 5250 S.
1168 5190 1428 5253 tununnensis.

151 5281 162 5314 ¹
181 5282 281 5337 edite...
293 5293 386 5336 meum.
396 5281 561 5349 mammem
1002 5288 1013 5319 ¹
1029 5285 1077 5338 iliis

794 5390 979 5451 seducunt!
996 5389 1110 5447 ΝΟΜ.

154 5484 240 5544 *troc
263 5502 319 5545 non
339 5486 443 5545 addunt
461 5482 514 5543 alia
534 5482 720 5542 uetustissima
734 5481 908 5556 Exemplaria
962 5499 1059 5557 pressa
1071 5493 1135 5541 sunt
1147 5499 1217 5555 quae
1229 5484 1264 5541 ad
1284 5484 1365 5542 iidem
1379 5483 1437 5542 reri
1451 5484 1575 5555 corporis
1588 5481 1696 5542 christi
1709 5483 1769 5542 dis·

117 5551 222 5613 Graeca
235 5561 277 5615 uel
291 5560 396 5617 Latina.
422 5560 616 5616 assumentum
640 5566 705 5628 puta
719 5572 753 5614 ex
776 5557 862 5627 prima
875 5555 909 5614 ad
963 5555 1061 5627 cipulis
1071 5556 1100 5611 in
1110 5556 1200 5613 cibum
1211 5556 1303 5613 traditi
1318 5557 1464 5630 pertinent.
1480 5555 1581 5615 dunler
1600 5558 1686 5615 οῑίιπι
1699 5569 1771 5629 quac

117 5625 275 5687 Corinthios
285 5631 423 5703 Epistola,
438 5647 500 5705 cap.
512 5647 555 5698 xr,
570 5643 641 5686 acra.
654 5628 701 5697 di,
713 5627 760 5683 ubi
773 5628 848 5685 clare
860 5641 909 5684 ex·
964 5627 1091 5683 dicuutur
1104 5626 1170 5684 Luc.
1187 5644 1259 5697 xxu,
1277 5629 1323 5686 lt),
1407 5668 1412 5679 .

154 5741 193 5818 (a)
211 5745 252 5803 lta
264 5746 364 5807 eteod.
379 5748 458 5809 cant.
474 5752 506 5807 sl.
524 5779 560 5794 -
577 5748 616 5823 (l)
630 5748 701 5808 dote
715 5741 775 5815 tac,
789 5743 915 5815 deestiu,
929 5742 1209 5804 eliminassent.
