3810 6144
130 255 168 326 tt
828 254 1100 314 nnoeseuueut.
1750 250 1788 316 sa

164 370 267 435 letum
281 370 348 436 elias
360 384 415 441 non
426 377 591 442 temporum,
602 367 650 428 sed
663 369 808 426 autberum
823 368 967 430 rational
983 377 1072 426 mesot
1086 385 1095 425 ε
1118 383 1151 426 ac
1164 366 1293 440 deinceps
1313 368 1451 442 Epocltam
1465 369 1610 443 quamdam
1624 370 1788 443 Ertngello‘-

128 464 237 532 babila,
261 465 411 536 spostolus,
433 464 532 521 deinde
550 463 717 536 apostolicos
743 465 770 520 iu
784 463 932 527 ‚codicibus
982 476 1043 521 rum
1054 465 1205 532 statuisset,
1220 463 1307 520 Potest
1321 465 1571 537 (inquitlipaeordr
1584 462 1788 536 Eroupellurunt

128 559 186 617 suis
200 557 388 630 disposuisse:
402 573 464 616 cum
476 558 616 630 orernplar
628 568 760 627 nostrum,
783 573 816 613 ac
832 555 932 613 cme·
981 557 1041 612 ideo
1055 558 1094 612 ric
1107 558 1206 623 ιιιιιί,
1222 565 1251 613 ut
1262 571 1329 613 unse
1343 550 1475 630 aposlolus
1488 559 1521 614 rit
1534 559 1563 613 in
1572 560 1668 632 eapltn
1683 559 1749 615 ulter
1760 559 1791 614 its

129 651 278 724 brigiense,
295 662 351 708 tutu
367 651 433 708 illud
450 651 553 709 llilnrio
564 651 640 718 olim,
653 649 723 706 launo
736 660 824 716 witus,
846 649 932 705 tribu·
983 649 1047 720 pius,
1061 657 1086 703 et
1099 648 1140 703 illi
1155 649 1208 707 duo
1226 650 1269 718 qui
1290 649 1358 704 luto
1371 651 1442 720 ipsos
1456 649 1593 718 nolenter,
1608 651 1790 707 annositatem

128 753 187 802 tum
207 744 403 801 allrutlrruoro
418 742 642 801 manifestissime
659 745 797 799 evincunt.
822 740 857 797 Et
872 743 933 812 qui·
984 744 1017 798 oi
1030 743 1095 814 ipsit
1109 743 1210 798 duobus
1224 743 1343 798 lubeuut.
1368 743 1430 798 l'itli
1444 751 1529 799 tomen
1542 742 1638 799 librent
1652 733 1791 817 Ernngclli

128 835 191 894 dem
211 836 238 892 in
259 835 387 892 Atticam
408 834 543 904 Ecclesia,
565 851 599 893 ex
620 835 721 907 duplici
743 835 794 891 ista
815 833 933 891 Cononis
983 852 1066 909 grece
1088 838 1222 903 scriptum,
1249 838 1293 906 qui
1312 832 1446 893 dicelmru
1460 836 1558 893 Hilarii
1582 829 1674 910 suinae}
1697 832 1726 893 ln
1739 846 1792 910 pto

128 929 202 987 serie
210 938 346 996 serratam
356 929 482 994 olteronr,
497 929 576 987 tidem
589 928 679 989 lacere
690 928 815 986 ridentur
824 928 931 984 adducti
983 928 1062 1001 primi
1083 937 1157 982 nunt
1179 926 1330 996 dullum,-
1355 937 1380 983 ἰι
1392 927 1519 995 leonum,
1545 938 1571 983 et
1598 930 1725 997 potentur
1745 929 1793 985 ulli

128 1019 290 1091 Tertulliani
313 1021 379 1078 loci.
402 1023 536 1083 ductores
556 1021 663 1079 scilicet
684 1022 823 1092 Evangelii
849 1022 934 1080 luisse
984 1017 1048 1074 tito.
1077 1016 1240 1092 interrogent
1264 1018 1438 1089 reptantem
1465 1019 1585 1075 Gnaeum
1610 1034 1658 1074 rur
1682 1021 1731 1076 ιιι
1754 1022 1793 1076 itu

127 1112 238 1186 quidem
260 1122 288 1170 et
310 1112 486 1184 apostolicos,
510 1113 557 1170 sed
581 1129 643 1180 euru
664 1114 805 1185 apostolis,
829 1121 934 1187 etpost
985 1120 1070 1166 estet:
1084 1109 1150 1165 dicit
1159 1111 1223 1167 mili
1237 1125 1247 1166 .·
1261 1105 1496 1167 insimilitudinum
1507 1108 1568 1166 loni
1581 1111 1719 1183 Agricola,
1733 1115 1790 1183 qui,

128 1205 272 1279 apostolor.
299 1206 360 1261 linx
384 1205 465 1262 etiutu
488 1204 607 1262 clarius:
631 1206 726 1277 Atquin
740 1206 794 1263 ltro
817 1206 935 1277 mugitu
985 1219 1049 1274 quot
1067 1203 1185 1273 fortiores
1206 1205 1282 1260 lubet
1301 1205 1384 1273 loom,
1409 1207 1493 1277 primo
1510 1208 1611 1280 junpit.
1636 1207 1710 1264 Nihil
1735 1208 1792 1276 bio,

81 1304 82 1309 ’
129 1298 274 1373 primordio
294 1299 375 1367 fuine
394 1297 611 1357 credibilecstor
630 1313 726 1356 entont
740 1315 793 1366 qut
818 1313 934 1355 trosro·
987 1296 1059 1352 unde
1071 1296 1211 1354 simonius
1224 1296 1296 1355 lione
1315 1298 1587 1357 ordinemnbatiuis
1601 1300 1738 1357 invectum
1749 1316 1794 1358 aa·

131 1408 203 1471 pter.
232 1393 271 1459 De
293 1403 433 1462 tempore,
453 1392 526 1464 quod
541 1392 708 1464 prodierant,
736 1393 854 1448 locutum
869 1391 935 1448 Ter·
986 1403 1079 1447 serere
1090 1399 1193 1462 posset.

133 1486 277 1559 tullianum
300 1500 382 1542 uerno
404 1500 486 1542 sanus
501 1484 658 1551 crediderit.
686 1485 826 1541 Diversum
841 1485 935 1555 itaque
1011 1474 1164 1541 ‘Cotantius
1179 1487 1205 1541 in
1222 1486 1282 1542 Vita
1297 1487 1326 1544 S.
1343 1485 1437 1544 llilnrii
1451 1487 1579 1559 operibus
1597 1487 1656 1558 elus
1669 1487 1791 1559 prolixa,

132 1566 236 1651 aliquid
261 1577 374 1634 innuere
409 1577 495 1634 uoluit
524 1578 588 1646 ista,
611 1586 641 1633 ut
666 1578 705 1633 sic
732 1576 831 1642 dicant,
864 1577 937 1648 prio·
987 1591 1102 1646 quorum
1116 1577 1255 1648 exemplar
1270 1578 1461 1650 pulcherrimae
1474 1579 1603 1636 editionis
1616 1586 1726 1648 rmum,
1741 1579 1794 1637 iru-

132 1659 225 1740 ritate,
242 1685 295 1741 qun
308 1669 457 1742 principem
466 1669 605 1736 ‚Eattbaei
619 1684 652 1726 ec
664 1669 777 1726 loannis
791 1668 936 1741 Evangelio
987 1670 1110 1725 manituti
1138 1685 1171 1726 ae
1193 1671 1387 1727 benevolentius
1408 1685 1472 1743 erga
1505 1686 1549 1727 me
1572 1679 1625 1726 tun
1649 1679 1792 1742 acceptum

133 1761 224 1835 locutu
246 1763 403 1833 suscripsit.
427 1762 521 1833 Neque
540 1761 625 1829 uliud,
641 1763 670 1818 ni
684 1761 773 1829 iallor,
790 1762 840 1818 nisi
864 1762 936 1834 quod
951 1763 976 1824 Β
989 1760 1088 1827 tolero,
1105 1762 1233 1818 observat
1245 1760 1433 1819 describendis
1455 1764 1530 1819 illum
1544 1763 1629 1818 ssoris
1644 1762 1734 1819 Libris
1745 1779 1793 1819 rn-

134 1853 206 1928 tpud
228 1854 364 1911 Ecclesiae
386 1855 413 1910 in
436 1868 576 1911 sacrorum
596 1854 629 1910 Ν.
644 1855 677 1914 t.
702 1856 831 1913 librorum
854 1869 937 1914 ceusu
987 1869 1066 1911 casse
1080 1870 1088 1921 ;
1104 1854 1187 1926 idque
1211 1869 1245 1911 er
1272 1863 1436 1912 testamento
1459 1856 1488 1913 S-
1517 1855 1643 1927 Perpetui
1668 1857 1792 1928 episcopi

135 1945 352 2018 apostolicorum
368 1945 412 2001 illa
429 1955 635 2016 praeverterent.
653 1947 740 2014 Quam
754 1948 937 2019 conjecturam
988 1949 1166 2016 Turonensis,
1192 1950 1219 2005 in
1240 1964 1295 2021 quo
1319 1948 1419 2021 legarit
1444 1950 1602 2022 Euphronio
1622 1948 1794 2023 Augustodu-

134 2037 233 2099 iulelre
248 2042 375 2098 uidentur
397 2043 538 2113 sequentia
562 2055 570 2098 t
591 2040 663 2097 Nem
680 2050 706 2097 et
725 2044 846 2113 competit
859 2051 904 2109 st,
916 2043 939 2097 si
988 2043 1066 2098 nensi
1088 2042 1187 2097 librum
1212 2041 1432 2114 Enrngcliorum
1455 2059 1530 2114 quent
1550 2045 1655 2114 scripsit
1675 2043 1794 2099 llitoriru

62 2123 64 2128 ’
135 2135 181 2207 qui
206 2133 376 2205 Eeuupeliuns
401 2134 587 2208 peremtione,
607 2151 694 2190 eornm
716 2136 798 2206 inopia
819 2146 939 2192 curarent
990 2136 1151 2192 Pietaueusis
1174 2137 1303 2207 quondum
1325 2137 1471 2192 sacerdos:
1496 2147 1578 2207 ntupue
1604 2133 1677 2192 buno
1705 2137 1793 2207 ipsum

135 2227 334 2298 pmusiouem,
348 2241 456 2293 quorun
471 2242 600 2284 serentur
615 2241 825 2285 ruoronrrtrmt
840 2242 940 2285 aseer·
989 2229 1075 2296 credi,
1091 2228 1135 2299 qui
1152 2231 1298 2285 etiamnum
1314 2229 1431 2285 Turonis
1445 2231 1471 2283 iu
1493 2228 1614 2285 Ecclesia
1636 2229 1666 2286 S.
1680 2227 1791 2289 eastun
1815 2295 1820 2305 Ι

136 2333 250 2388 storea.
265 2319 369 2389 Quibus
384 2319 474 2376 verbis
487 2320 556 2377 nibil
570 2319 642 2376 uliud
666 2319 785 2376 sensisse
807 2320 881 2376 illum
896 2334 940 2375 ar·
989 2330 1123 2379 servatur.
1151 2320 1191 2376 Ex
1205 2320 1302 2391 quibus
1323 2321 1479 2376 testamenti
1497 2320 1588 2376 verbis
1603 2329 1690 2391 putat,
1710 2320 1795 2376 intrr-
1858 2389 1861 2392 ¹

135 2410 233 2481 litter,
257 2427 349 2484 quatu,
371 2421 518 2484 utcumque
542 2413 663 2484 ejusdem
679 2413 850 2469 atttburitatis
864 2411 939 2482 ¹apud
991 2418 1092 2488 pretori
1105 2415 1304 2486 pusseollotum
1322 2414 1477 2471 Drtnlrmori
1494 2415 1602 2472 locutu:
1621 2424 1651 2469 ot
1665 2414 1794 2470 nimirum

138 2505 343 2577 Ecclesioscunt
356 2507 555 2576 apostolorum,
567 2513 625 2561 tum
634 2506 844 2576 apostolicorum
856 2505 940 2563 Esau>
991 2507 1021 2567 S.
1039 2508 1131 2564 iiiiorii
1149 2508 1236 2564 dictus
1250 2509 1286 2565 sit
1297 2506 1381 2564 codex
1395 2507 1452 2573 ille,
1464 2504 1525 2579 quio
1540 2523 1620 2563 manu
1633 2507 1794 2577 lpsiusera·

137 2589 207 2669 getis
221 2606 324 2663 esseio,
340 2598 460 2667 priorum
481 2609 583 2664 tanuen,
600 2598 691 2654 babitu
707 2599 887 2668 apostolatus,
909 2613 942 2654 oc
991 2611 1078 2658 ratus.
1092 2601 1149 2671 Ego
1164 2615 1238 2665 rero;
1253 2601 1276 2655 si
1293 2599 1355 2656 licet
1366 2598 1441 2669 pntu
1461 2600 1560 2667 iacere,
1575 2596 1722 2670 utcumque
1738 2614 1793 2653 uon

139 2687 288 2761 gusglsterii
304 2691 420 2758 ratiotre,
441 2706 492 2748 usu
512 2691 583 2760 apud
603 2690 662 2747 illus
689 2687 772 2748 luisse
797 2693 939 2763 potiorem,
992 2693 1143 2763 improbem
1155 2692 1340 2762 coniecturam
1352 2692 1423 2748 ltnno
1433 2693 1484 2748 riri
1495 2691 1656 2757 doctissimi,
1670 2688 1794 2762 putarein

140 2780 213 2853 quod
232 2792 260 2838 et
281 2781 448 2852 frequentior
462 2783 489 2839 in
503 2780 589 2839 diuini
600 2782 673 2838 verbi
697 2782 890 2854 predicatione
909 2783 942 2840 ab
993 2793 1082 2840 tomen
1091 2783 1213 2839 codicem
1225 2784 1299 2839 illurn
1313 2798 1396 2839 unum
1407 2798 1441 2839 er
1454 2783 1583 2839 Asiaticis
1595 2783 1690 2850 luisse,
1701 2797 1793 2853 quem,

138 2876 174 2952 iis
188 2885 327 2949 peteretur
345 2875 507 2943 authoritas,
528 2884 557 2934 et
579 2876 665 2947 prima
685 2891 796 2948 semper
811 2889 876 2932 ante
897 2877 942 2933 illa
993 2893 1055 2934 curu
1072 2879 1098 2932 iu
1112 2877 1228 2950 Phrygia
1244 2877 1306 2932 exul
1330 2885 1433 2949 egeret,
1448 2875 1545 2932 studiis
1563 2875 1621 2932 suis
1641 2871 1796 2939 adbibuerit

139 2971 355 3045 apostolicorum
384 2972 412 3029 in
439 2971 587 3044 synaxibus
615 2972 783 3043 legerentur.
808 2969 942 3042 Quidquid
995 2970 1207 3026 llilnriusrmox
1220 2968 1254 3024 ab
1269 2968 1352 3024 exilio
1366 2978 1509 3024 revertens
1528 2968 1556 3023 in
1569 2966 1797 3038 patriomretule-

140 3074 231 3121 umen
246 3064 281 3120 de
296 3065 348 3121 boc
360 3064 568 3136 sitllueritttem
580 3065 652 3122 enim
668 3066 696 3122 in
711 3073 784 3122 mne
799 3065 943 3121 vetustatis
995 3068 1039 3125 rit.
1055 3069 1082 3125 ln
1096 3083 1175 3140 qttonr
1190 3067 1374 3138 cotrjecturom
1388 3081 1422 3122 eo
1445 3065 1550 3121 lucibus
1563 3065 1673 3120 ductum
1697 3079 1743 3121 me
1758 3064 1795 3118 ia·

139 3156 255 3230 ealigine
268 3156 433 3227 conjecturis
454 3158 561 3228 assequi
583 3156 730 3229 mutemus)
750 3156 872 3227 quamuis
887 3172 940 3214 non
955 3157 978 3220 C
995 3167 1063 3226 teor,
1086 3159 1158 3232 qood
1177 3174 1226 3231 per
1240 3174 1320 3229 quotu
1345 3158 1500 3214 verosimile
1522 3157 1558 3212 sit
1583 3157 1698 3212 minoris
1725 3155 1797 3212 Asiae

140 3251 228 3309 susim
243 3264 292 3321 pro
305 3258 381 3307 certo
393 3249 533 3307 aibrmnre
544 3250 704 3310 Tertulliani
723 3264 782 3307 aero
804 3251 832 3307 in
847 3250 941 3307 Eccle·
997 3252 1132 3309 Ecclesias
1150 3253 1178 3308 in
1193 3249 1364 3321 disponendo
1383 3247 1506 3315 Conone,
1535 3263 1587 3304 uon
1604 3256 1707 3303 autema
1726 3246 1798 3303 serie

140 3344 191 3405 siis
210 3343 265 3401 illis
278 3345 396 3414 primum
419 3342 447 3400 in
460 3343 571 3400 munuc
584 3343 673 3400 locum
688 3345 820 3415 apostolis
833 3345 943 3411 dotum;
995 3355 1161 3417 temporum,
1177 3345 1276 3415 quibus
1299 3343 1444 3414 Evangelio
1460 3341 1629 3413 prodierunt,
1642 3339 1691 3395 sed
1706 3338 1796 3394 babitu

142 3437 328 3496 verosimilius
341 3446 432 3494 tamen
448 3435 501 3494 boc
515 3447 580 3508 puto
590 3453 623 3494 er
637 3437 849 3508 allatisltujusee
859 3437 945 3509 serip-
995 3438 1166 3509 apostolatus
1189 3436 1303 3502 ratione,
1324 3434 1442 3491 llattlrni
1459 3435 1586 3506 prinlum,
1610 3432 1681 3504 quod
1697 3430 1798 3503 ubique

142 3530 212 3591 lotis
222 3530 302 3596 locis,
316 3544 384 3600 quos
396 3544 478 3601 supra
490 3529 692 3603 perpendimus.
702 3529 775 3594 Dixi,
788 3528 945 3586 Tertulliani
995 3526 1127 3602 gestiistis,
1149 3538 1205 3584 turo
1232 3528 1355 3593 loannis,
1377 3541 1459 3598 aquo
1477 3521 1640 3588 constituta,
1660 3525 1798 3595 rectorque

140 3635 214 3687 erro:
240 3635 302 3682 naut
318 3632 411 3692 postea
434 3621 529 3678 eadem
552 3636 614 3693 quse
629 3622 658 3677 in
671 3622 832 3680 recensione
846 3622 944 3684 liiero·
996 3623 1112 3687 buerant,
1134 3622 1160 3677 in
1185 3621 1294 3677 codices
1310 3634 1373 3675 suos
1399 3618 1536 3674 retulisse.
1559 3607 1658 3687 sieque
1682 3614 1797 3671 sortasse

142 3714 229 3793 ιιιιιιί7
240 3715 325 3776 series
347 3715 479 3771 obtinuit:
507 3716 603 3771 stlitem
628 3718 656 3772 in
676 3714 893 3787 Carthaginensi,
916 3724 946 3771 ut
996 3715 1095 3772 lectrum
1111 3723 1141 3771 ut
1154 3730 1213 3771 mos
1226 3714 1273 3769 ille
1284 3713 1366 3769 etium
1380 3712 1407 3766 in
1421 3710 1522 3768 Gallias
1537 3709 1724 3775 inveheretur,
1745 3707 1797 3763 nisi

142 3807 275 3878 liquetur
291 3805 525 3878 Erengclistarutn
538 3807 645 3873 ordine,
660 3822 739 3876 quern
751 3807 788 3863 ibi
808 3816 943 3863 serratum
992 3811 1048 3882 jam
1064 3817 1141 3864 ontca
1155 3808 1320 3863 obtinuerat.
1331 3804 1409 3873 Quod
1425 3813 1530 3876 poteret
1550 3803 1721 3868 luculentius,
1734 3802 1757 3857 si
1771 3802 1797 3857 in

142 3899 239 3963 scribit
252 3898 419 3970 Augustinus
433 3899 530 3975 (serm
547 3899 612 3964 tlt,
627 3899 659 3954 tle
673 3897 790 3971 Temo).
995 3901 1106 3959 laudoto
1128 3899 1285 3971 apographo
1300 3897 1429 3953 Ecclesiru
1452 3896 1629 3960 Turonensis,
1643 3903 1706 3949 ante
1727 3894 1800 3950 exsi-

178 3992 257 4063 Qood
280 3993 314 4049 de
330 3992 460 4049 Ecclesiis
479 3991 578 4050 tllricae
603 3992 632 4049 in
651 3992 822 4064 disponendo
836 3991 945 4049 Cenem
996 3997 1074 4062 lirim,
1090 3997 1112 4052 si
1127 3997 1162 4051 itu
1179 4004 1231 4060 est,
1251 3995 1285 4051 ub
1301 3993 1404 4049 llilnrio
1417 3993 1566 4062 descripto,
1589 3992 1646 4062 pari
1667 3992 1748 4057 serie,
1767 4007 1799 4047 oc

143 4083 367 4157 conjiciebamus.
392 4085 443 4140 hoc
457 4083 491 4140 de
505 4083 654 4142 Galliarum
675 4083 810 4154 aliquibus
828 4093 858 4140 ut
875 4084 945 4155 idip
995 4092 1024 4146 ln
1038 4087 1240 4160 supruiuodotis
1266 4085 1359 4141 Canon
1375 4084 1546 4157 procederet.
1562 4082 1645 4139 llulto
1659 4096 1723 4137 nero
1742 4097 1799 4136 mo·

143 4191 205 4237 etrus
220 4191 274 4233 non
291 4177 352 4234 sine
366 4175 488 4236 veritatis
499 4175 590 4247 specie
602 4174 739 4232 albrnrare
755 4177 890 4246 possimus
906 4175 946 4232 iu·
995 4182 1038 4252 gis
1053 4182 1104 4236 ltoc
1126 4179 1191 4236 mihi
1213 4178 1349 4245 stroderet,
1374 4180 1397 4232 si
1411 4192 1504 4233 ucrrrm
1526 4186 1609 4243 essct,
1625 4175 1696 4245 quod
1723 4184 1799 4245 putat

141 4268 433 4339 eiurueotlieessupra
448 4268 562 4325 laudati.
577 4267 945 4340 QuamvisCantabrigicnsis
996 4272 1148 4338 Cutontius,
1172 4270 1315 4335 llilnrinm,
1344 4279 1404 4340 pust
1430 4269 1648 4325 Commentarios
1675 4265 1701 4322 itl
1729 4264 1818 4322 ttae.

142 4377 197 4423 nor
215 4362 346 4420 Ecclesiae
357 4363 418 4431 ulli,
434 4362 482 4419 sed
496 4364 602 4434 prirato
614 4346 722 4420 cuidam
736 4364 764 4420 in
781 4380 830 4419 usu
850 4363 941 4431 luerit,
996 4365 1109 4433 tbauuu,
1125 4364 1215 4420 statim
1230 4378 1322 4420 curam
1342 4365 1412 4418 beno
1431 4363 1458 4417 in
1483 4361 1614 4418 loannem
1630 4360 1798 4417 extendisse.

139 4459 189 4532 qui
203 4466 307 4516 retorna
319 4459 459 4516 dumtaxat
469 4460 596 4532 qumillic
608 4460 717 4532 rigebat
728 4459 848 4517 canonis
862 4461 943 4528 seris,
996 4458 1035 4512 lta
1056 4460 1129 4514 enim
1152 4456 1346 4529 excorplorinnr
1363 4470 1474 4513 suorum
1489 4455 1613 4512 ordinent
1627 4454 1705 4526 sequi
1727 4453 1799 4510 ride-

141 4561 242 4611 eetera
262 4562 312 4625 per
335 4567 470 4609 summam
495 4553 631 4610 licentiam
647 4569 709 4610 cum
734 4554 762 4610 in
780 4554 944 4627 Evangeliis,
958 4548 985 4608 D
999 4551 1089 4608 batur.

142 4653 200 4703 teto
215 4644 258 4701 rel
280 4643 397 4701 maxime
413 4645 440 4700 iu
461 4644 535 4701 Actis
553 4644 746 4716 Apostolorum
766 4647 803 4703 ita
826 4647 946 4715 miscuit,
1034 4643 1104 4702 llum
1121 4660 1231 4700 veruca
1246 4644 1354 4700 laudato
1374 4643 1531 4699 [lrtttbmari
1545 4643 1605 4698 loeo
1619 4651 1693 4699 recte
1706 4642 1798 4713 conje-

142 4734 264 4804 inrertit,
285 4735 401 4802 recudit,
422 4743 462 4804 ut,
489 4745 557 4793 teste
573 4737 666 4806 ililllo,
685 4739 732 4810 qul
747 4738 813 4794 illud
835 4753 948 4795 accuru-
998 4738 1069 4793 cerit
1082 4737 1187 4792 clariss.
1200 4735 1300 4801 editor,
1316 4736 1342 4791 in
1362 4733 1524 4806 antigrapho
1539 4734 1643 4800 llilnrii,
1661 4745 1722 4805 post
1733 4733 1801 4789 llat-

144 4829 251 4889 llsslme
266 4831 398 4902 inspexit,
412 4831 545 4896 omnium,
560 4841 693 4902 quotquot
707 4832 741 4888 ad
764 4841 858 4889 nostra
877 4842 947 4888 tem·
999 4831 1110 4897 theom,
1126 4844 1159 4885 ac
1179 4829 1320 4894 loannem,
1343 4830 1509 4900 posteriores
1522 4827 1592 4884 duos
1615 4827 1736 4885 llarcnm
1761 4828 1802 4897 (ut

143 4936 213 4996 pora
238 4934 398 4994 peruenere,
425 4924 695 4998 interpolatissimum
723 4920 840 4984 dederit.
868 4926 948 4985 llude
999 4921 1058 4991 ipsc
1069 4921 1118 4991 ait)
1130 4920 1270 4977 aoLueam
1286 4922 1464 4990 processisse,
1479 4919 1612 4976 incertum
1622 4919 1735 4975 omnino
1747 4929 1797 4976 est.

145 5033 200 5076 pon
223 5018 361 5076 immerito
381 5020 497 5078 simonis
516 5019 651 5092 judicium
675 5017 828 5087 desideres,
852 5020 946 5090 qutun
975 5011 1150 5084 ‚Videndum
1167 5020 1310 5083 propteroa
1326 5011 1418 5080 abiis,
1442 5026 1527 5082 penes
1549 5025 1619 5082 quos
1639 5009 1802 5065 vetustiores

145 5110 259 5170 ltistoris
273 5108 375 5168 Eritien
387 5111 420 5167 tt.
436 5113 468 5168 T.
483 5113 643 5170 adornstarn
661 5112 694 5168 ad
709 5119 852 5183 correptos
865 5110 948 5168 lrosoe
999 5106 1108 5162 codices
1119 5115 1275 5174 supersunt,
1292 5121 1357 5161 nuru
1372 5106 1513 5174 inquibus
1528 5103 1668 5160 iluttbceus
1681 5111 1708 5156 et
1718 5100 1801 5157 loan-

146 5203 236 5262 loutes
248 5202 372 5260 butinam
385 5203 541 5261 versionem
553 5219 608 5261 non
623 5185 708 5262 semel
725 5205 795 5260 mule
808 5204 949 5261 consultus
1000 5210 1049 5253 nes
1065 5195 1233 5267 praecedunt,
1247 5197 1333 5254 bueus
1352 5213 1471 5269 semper,
1486 5197 1585 5254 deiude
1599 5195 1714 5260 ilarcus,
1730 5205 1760 5249 ut
1773 5195 1800 5249 iu

146 5297 297 5355 credidisse
311 5296 445 5353 rideatur.
463 5297 517 5354 sod
532 5313 593 5354 oum
607 5298 641 5355 de
652 5298 819 5371 antlgrsplris
837 5298 899 5356 istis
914 5296 950 5353 sit
1001 5299 1152 5354 nostrone
1168 5287 1395 5361 Cutttobrigiensi,
1410 5304 1445 5345 an
1465 5304 1544 5346 secus
1554 5295 1712 5358 sequautur.
1732 5286 1801 5343 For·

147 5404 250 5459 termo,
262 5390 402 5448 rideantur
414 5405 487 5448 nene
498 5390 654 5446 llrutlnoari
664 5391 856 5463 iocumquem
867 5405 948 5462 supra
1001 5395 1074 5442 losse
1086 5384 1159 5441 euim
1174 5398 1209 5440 ex
1230 5383 1339 5440 diversa
1352 5397 1447 5439 eorum
1463 5385 1535 5440 serie
1548 5398 1608 5439 cum
1624 5395 1684 5436 mos
1706 5380 1801 5437 Eccle·
1825 5447 1828 5455 1

152 5482 301 5554 erigimus.
500 5489 509 5501 ⁸
1000 5479 1114 5546 siarum,
1140 5492 1173 5535 ec
1199 5477 1366 5548 privatorum
1390 5477 1418 5531 iu
1440 5475 1584 5546 dirigendo
1606 5474 1719 5531 Camino
1744 5473 1801 5529 erui

174 5575 363 5647 -llioscriptor
376 5573 488 5650 <Ennius
503 5576 532 5631 in
555 5573 650 5630 liettlr.
670 5590 731 5645 cap.
755 5574 784 5645 i)
807 5581 949 5644 postquam
1001 5585 1113 5648 posset;
1128 5582 1185 5629 turn
1198 5573 1279 5628 etia·
1293 5569 1431 5642 quodnam
1453 5585 1487 5626 ex
1506 5567 1661 5641 Emngeliis
1676 5568 1757 5623 Luem
1769 5579 1802 5621 ac

150 5665 338 5740 Ereugclistas
361 5680 476 5738 quotuor
506 5667 672 5736 dominibus,
695 5682 756 5739 qum
783 5683 798 5721 a
821 5666 950 5722 Paradiso
1001 5667 1084 5726 blanci
1110 5666 1226 5739 primum
1249 5663 1304 5719 illis
1325 5662 1444 5718 uaricisci
1468 5663 1624 5734 eontigerit.
1649 5661 1803 5731 Utcumque

147 5761 298 5837 roluptatis
322 5760 443 5833 exibant,
463 5773 521 5823 tum
533 5760 652 5836 quatuos
672 5761 818 5822 dementis
837 5775 950 5836 eompa-
1000 5760 1075 5820 enim
1088 5757 1220 5833 apostolis
1231 5755 1267 5815 ob
1275 5754 1434 5829 digniorem
1445 5755 1550 5829 primus
1563 5754 1592 5813 in
1600 5753 1713 5815 Cottone
1727 5754 1803 5811 locus
