3810 6144
116 172 170 241 485
384 170 520 243 postult
537 180 708 242 plectet.
728 165 956 240 cttncutltltt
973 175 1047 238 dutt
1071 174 1184 236 ttulit
1201 173 1280 235 doli.
1293 164 1493 236 copulabit.
1711 171 1768 232 548

312 295 428 356 cobltx
446 297 717 358 valecenensis.
1187 289 1304 348 (1)be
1321 289 1547 350 tuuobeltsls.

118 405 172 447 uon
183 386 273 446 eredi-
536 391 683 458 quaeritis?
969 386 1084 443 ros'non
1098 399 1159 441 cre·
1384 388 1515 458 quaeritis
1529 387 1541 440 4

118 462 164 518 tis.
535 461 581 517 45.
602 461 692 518 Nolite
706 459 818 518 arbitra·
967 459 1041 513 diris.
1384 461 1430 517 45.
1450 460 1539 515 Nolite
1553 463 1649 526 putare

118 532 165 591 59.
185 533 311 589 scrutate
324 530 417 603 Serip-
537 550 567 589 re
580 534 650 604 quod
666 547 716 604 eqo
967 525 1013 585 59.
1033 528 1160 587 scrutate
1174 526 1296 597 Scriptu·
1385 532 1512 602 quoniam
1526 543 1576 598 ego

120 613 204 671 utras,
222 604 248 658 in
263 605 322 674 qui-
536 620 586 661 uos
601 619 712 660 accusa·
968 616 1025 670 ras,
1039 600 1167 665 quoniam
1385 618 1434 658 ros
1446 609 1509 672 aput
1521 600 1631 655 Patrent

118 675 169 732 bns
183 689 230 730 ros
243 678 315 731 exis·
538 684 614 733 turus
627 691 686 730 suut
968 671 1070 756 putatis
1079 685 1128 727 roa
1386 672 1425 748 (u)
1439 672 1572 729 accusabo
1584 670 1621 763 4,

10 745 14 749 ’
119 746 221 802 timetis
235 747 262 800 iu
275 746 310 801 il·
537 757 601 818 aput
612 747 730 812 Patrem,
968 759 995 798 ro
1011 744 1076 813 ipsis
1088 744 1172 798 vitam
1388 754 1431 801 est
1443 745 1488 816 qui
1500 746 1548 798 bos

52 825 58 833 ·
118 817 153 872 lis
166 818 247 870 altaro
260 832 307 873 ae·
536 820 720 888 estqui¹vos
969 822 1108 870 aeternam
1126 813 1172 866 ba·
1222 875 1224 879 ,
1387 814 1586 885 accusetlloy-

118 887 320 945 ternambabe-
538 888 737 960 accusetlloy-
908 923 911 926 ι
968 885 1100 941 berezet
1115 885 1189 954 ipsae
1387 903 1441 954 ses,
1458 887 1496 959 (i)
1512 891 1632 955 inquam

118 974 149 1015 re
165 959 246 1014 :illae
259 969 340 1027 suot,
537 975 593 1026 ses,
605 961 633 1016 in
647 975 727 1031 quent
969 966 1042 1024 sunt,
1058 971 1128 1026 quae
1141 964 1182 1010 te·
1387 974 1436 1014 ros
1449 956 1578 1024 sperastis
1588 955 1616 1026 †.

119 1045 189 1100 qnae
204 1031 276 1085 testi·
508 1034 514 1040 “
537 1030 583 1087 44.
606 1031 732 1103 speratis.
745 1030 775 1088 st
970 1027 1126 1083 stimonium
1144 1039 1204 1094 per.-
1387 1030 1432 1086 46.
1453 1030 1481 1085 Si
1495 1030 1566 1084 enirn
1581 1041 1643 1084 cre·

119 1103 242 1156 propiunt
253 1101 297 1156 di·
539 1102 610 1158 enirn
624 1104 719 1159 crede·
969 1097 1064 1155 bibent
1076 1099 1110 1154 de
1123 1111 1167 1152 me
1181 1112 1188 1150 a
1387 1101 1489 1158 deretis
1498 1098 1593 1172 Moysi,

119 1181 185 1228 cunt
195 1172 229 1227 de
240 1187 285 1228 me
300 1189 307 1227 :
538 1175 605 1229 retis
617 1173 714 1246 Moysi,
970 1170 1106 1240 inquibus
1121 1183 1169 1239 pn-
1387 1172 1536 1229 crederetis

120 1242 258 1314 inquibus
274 1259 322 1312 pu·
538 1245 685 1301 crederetis
971 1242 1035 1295 tatis
1050 1255 1096 1296 tos
1112 1240 1152 1294 ri·
1389 1243 1501 1298 forsitan
1516 1253 1545 1299 et

121 1317 185 1369 tatis
198 1327 248 1369 ros
259 1317 343 1370 vitam
538 1326 566 1371 et
582 1316 646 1370 milri
659 1332 668 1370 :
683 1315 717 1371 de
732 1331 776 1372 rue
972 1320 1026 1366 tarn
1038 1312 1155 1365 babere:
1389 1315 1456 1370 rnilri
1471 1331 1478 1369 ε
1494 1314 1585 1370 deme

40 1383 42 1386 ⁴
120 1384 308 1441 baberezbae
538 1388 767 1458 culmillescrip·
973 1382 1126 1446 lucescat.
1389 1385 1602 1441 eninrillescri-

120 1467 194 1521 4444,
206 1454 319 1526 quaede
537 1458 584 1513 47.
605 1458 649 1512 sit.
665 1458 719 1516 Sed
732 1472 793 1516 cum
971 1468 1042 1523 qnae
1057 1453 1132 1508 testi·
1388 1456 1434 1512 47.
1457 1458 1518 1527 psit.
1534 1455 1600 1511 Nam
1616 1455 1640 1511 si

120 1542 164 1582 rue
175 1527 324 1582 testilrcan·
538 1528 672 1585 maridatis
684 1531 715 1584 il·
972 1525 1088 1579 licuntur
1101 1524 1136 1588 de
1389 1527 1460 1583 illius
1475 1528 1572 1583 litteris

120 1599 165 1655 444.
186 1607 231 1653 tur
244 1613 252 1652 :
266 1607 294 1654 44
306 1613 357 1655 nec
372 1598 414 1654 aie
538 1599 591 1655 lius
601 1616 722 1657 rioncrc·
971 1597 1017 1650 444.
1039 1609 1100 1650 me:
1115 1602 1142 1649 et
1157 1604 1213 1646 nou
1388 1614 1443 1654 noo
1457 1598 1580 1664 creditis,

120 1670 202 1724 vultis
216 1670 294 1724 reni-
537 1669 619 1738 datis,
631 1687 745 1743 quomo·
971 1666 1054 1722 uultis
1070 1666 1163 1720 venire
1389 1671 1523 1740 quomodo
1536 1667 1628 1724 uerbis

120 1755 151 1796 re
164 1739 198 1795 ad
211 1756 254 1795 ore
269 1748 299 1794 ut
538 1741 574 1797 de
588 1744 679 1799 verbis
690 1759 749 1800 me·
971 1738 1005 1793 ad
1020 1751 1064 1793 me
1077 1744 1106 1791 44
1389 1743 1457 1798 meis
1469 1738 1604 1798 credetis?

120 1812 204 1867 uitam
219 1810 318 1866 habea·
539 1813 562 1867 is
576 1812 711 1870 credetis?
971 1810 1052 1864 vitain
1064 1807 1165 1862 babea-
1303 1834 1308 1841 ·

120 1879 166 1937 u.
189 1885 233 1938 ns.
251 1881 371 1938 crottam
973 1882 1019 1936 ns.
1487 1854 1602 1913 CAPUT
1622 1853 1667 1909 44·

120 1953 155 2009 ab
169 1954 288 2009 leomini-
638 1926 753 1985 CAPUT
774 1927 816 1999 Ἦ·
972 1952 1019 2008 44.
1039 1949 1178 2006 Honorem
1192 1946 1226 2003 ab
1425 1951 1451 2006 l.
1472 1950 1538 2006 Post
1551 1949 1619 2003 baec
1631 1946 1698 2005 abiit

120 2023 172 2079 bus
186 2040 239 2078 ooo
254 2038 300 2079 ac·
574 2021 599 2076 4.
621 2020 686 2076 Post
701 2023 767 2077 baec
785 2021 851 2081 abiit
973 2020 1131 2078 hominibus
1390 2020 1471 2078 lesus
1486 2031 1650 2077 transmare

121 2091 167 2149 tt.
187 2096 268 2166 cipio.
281 2096 290 2126 ¹
307 2093 361 2152 Sed
372 2109 437 2166 eoq-
537 2090 617 2148 Jesos
632 2103 708 2147 trans
721 2107 780 2147 rna·
973 2109 1027 2148 non
1043 2093 1156 2160 accipie.
1389 2093 1528 2149 Galilaeae
1542 2089 1585 2218 (ci

121 2167 184 2222 nori
199 2181 260 2233 ros,
275 2165 348 2238 quod
538 2162 699 2219 reGalileue
973 2163 1018 2219 li.
1040 2163 1094 2220 Sed
1109 2160 1224 2233 cognovi
1387 2164 1415 2219 in
1431 2163 1550 2235 pertesi
1589 2162 1612 2218 i·

121 2239 262 2294 caritatem
539 2232 691 2290 Tiberiadis
707 2251 714 2289 :
973 2251 1034 2303 ros,
1047 2236 1175 2306 quoniam
1387 2235 1413 2290 2
1436 2234 1553 2291 beriadis
1567 2251 1573 2287 :
1589 2248 1633 2289 sc·

122 2308 171 2364 liei
184 2324 237 2364 uon
253 2309 303 2364 lia·
538 2304 567 2360 Ξ.
588 2305 752 2376 sequebatur
974 2323 1028 2362 non
1041 2307 1144 2362 liabetis
1388 2307 1521 2377 quebatur
1532 2304 1574 2376 444)

120 2378 192 2436 betis
206 2379 234 2436 in
246 2388 296 2436 uo*-
539 2374 580 2448 (d)
594 2378 713 2448 anteru†
727 2375 802 2432 illuto
975 2379 1119 2432 caritatem
1136 2373 1187 2432 bei
1389 2386 1479 2433 autern
1493 2377 1512 2449 †
1526 2391 1587 2431 cum

121 2449 174 2505 bis.
205 2505 209 2513 ,
540 2446 728 2514 turbarunlta,
852 2464 856 2481 ¹
973 2450 1019 2505 45.
1040 2445 1240 2516 innubis.qu
1389 2447 1577 2512 4444444444,

121 2522 166 2578 45.
188 2521 245 2648 Ego
261 2521 322 2578 reni
339 2520 366 2578 ip
381 2536 431 2579 tto·
538 2518 727 2644 4444444444
974 2520 1037 2576 reni
1047 2521 1074 2575 in
1087 2520 1177 2575 nomi·
1390 2519 1451 2590 quia
1462 2518 1588 2573 videbant

122 2593 196 2648 mirre
230 2595 297 2649 atris
558 2591 711 2647 ebantst-
975 2607 1009 2646 ne
1023 2592 1111 2646 Patris
1123 2589 1193 2657 ruci,
1390 2592 1559 2662 signa,quae

121 2665 186 2729 nael,
200 2672 228 2719 et
239 2679 292 2718 non
538 2676 584 2726 nu,
596 2672 667 2731 quae
677 2605 761 2717 heic·
974 2672 1004 2719 et
1017 2676 1070 2717 non
1085 2661 1192 2731 accepi·
1391 2659 1505 2717 iaciebat
1514 2659 1549 2714 de

122 2738 178 2790 aeci
200 2735 258 2790 istis
272 2749 336 2790 me:
539 2731 602 2785 baot
617 2746 698 2800 supra
974 2734 1024 2788 stis
1038 2748 1081 2788 me
1095 2750 1102 2787 :
1118 2734 1141 2788 si
1390 2732 1553 2787 inllrmibus.

122 2805 145 2858 si
161 2750 229 2860 aiter
244 2819 325 2861 repe·
539 2801 671 2856 indrmes.
973 2805 1044 2859 alius
1056 2804 1162 2860 venierit
1390 2804 1417 2858 5.
1438 2801 1566 2858 Ascendit
1582 2814 1625 2856 cr·

121 2875 156 2931 rit
170 2875 198 2932 in
211 2878 298 2931 nomi·
539 2872 566 2927 5.
588 2873 662 2927 abitt
675 2886 741 2942 ergo
754 2871 781 2928 in
796 2887 874 2930 mou·
976 2875 1002 2929 in
1015 2877 1125 2930 nomine
1389 2890 1425 2946 qo
1435 2872 1515 2929 lesus
1525 2874 1552 2939 ip

122 2961 157 3005 ne
168 2961 227 3013 suo,
242 2948 318 3003 illum
539 2952 592 2998 tem
606 2943 687 2999 lesus
703 2965 709 3001 :
725 2954 753 3000 ct
764 2943 802 2999 ibi
974 2961 1034 3012 suo,
1051 2946 1128 3000 illurn
1145 2945 1216 3002 reei-
1391 2956 1532 3012 montem,
1547 2951 1574 2998 et

121 3018 272 3089 accipietis.
538 3013 724 3070 sedebatcuru
974 3014 1020 3070 44.
1035 3018 1113 3086 pitis.
1129 3014 1272 3084 Quomodo
1393 3015 1432 3072 444
1444 3016 1558 3072 sedebat

121 3087 167 3143 44.
187 3088 331 3158 Quomodo
343 3104 390 3160 po·
538 3084 678 3167 discipulis
975 3089 1088 3158 potestis
1101 3102 1149 3142 ros
1393 3104 1455 3144 curn
1466 3083 1606 3157 discipulis

122 3162 325 3217 lestisroscre-
538 3171 605 3211 sors.
973 3158 1154 3230 credere,qui
1394 3161 1462 3214 stris.

121 3231 196 3296 dere,
212 3232 326 3301 gloriam
537 3230 565 3283 4.
587 3227 672 3282 Erant
686 3237 777 3284 autern
974 3229 1105 3286 honorem
1120 3230 1154 3286 ab
1390 3228 1418 3284 4.
1440 3230 1505 3286 Erat
1517 3233 1609 3284 autem

120 3302 281 3359 abinvicem
538 3299 590 3353 'io
606 3299 732 3367 proximo
974 3301 1090 3356 inlicem
1106 3301 1213 3372 accepi·
1390 3301 1417 3356 in
1433 3301 1556 3371 proximo

120 3374 176 3428 acci
199 3375 304 3431 tentes:
538 3370 643 3425 Pascua
659 3370 718 3427 dies
973 3371 1044 3427 stis:
1061 3380 1088 3428 ct
1100 3373 1187 3428 nono·
1389 3372 1494 3427 Pascba
1507 3369 1565 3426 dies

120 3455 149 3500 et
160 3389 275 3516 giarium
539 3440 727 3498 solemnislu-
972 3444 1115 3515 remeius,
1132 3442 1179 3514 qui
1388 3442 1474 3498 lestus
1485 3440 1532 3497 Ju-

120 3516 154 3573 ab
169 3518 249 3574 unico
260 3531 316 3574 nen
537 3511 679 3568 dacorum.
973 3517 1112 3582 osismus,
1128 3529 1181 3570 noo
1388 3512 1529 3570 dacorum.

783 3627 900 3686 00plcx
918 3626 1115 3689 Butxlttttls

120 3741 174 3782 non
181 3725 302 3783 creditis.
311 3724 633 3783 ScrutaminiScribturas
644 3725 705 3794 quia
712 3737 761 3778 ros
768 3723 916 3794 putatis.io
971 3724 1167 3795 aputPatrern.
1181 3727 1277 3797 estqui
1294 3735 1403 3782 accuset
1415 3739 1463 3781 vos
1476 3722 1619 3797 Moysesin
1630 3733 1710 3791 quern
1725 3730 1776 3774 rot

119 3798 273 3866 ipsisritam
282 3808 419 3855 aeternam
429 3796 541 3863 babere.
558 3808 585 3852 et
600 3796 652 3851 bae
666 3805 741 3850 suut.
756 3810 825 3865 quae
842 3797 918 3851 testi·
943 3823 951 3836 ·
972 3799 1087 3866 speratis
1105 3797 1136 3858 Si
1161 3799 1233 3854 enirn
1248 3796 1397 3854 crederetis
1419 3797 1514 3868 Moysi.
1531 3791 1679 3852 crederetis
1695 3789 1777 3847 44444·

120 3869 239 3923 ororiiurn
249 3867 528 3938 perlubentderne.et
539 3865 680 3921 4444444444Ι
694 3866 785 3921 vertice
792 3866 825 3921 ad
838 3874 917 3921 nteut
972 3875 1018 3922 tao
1032 3876 1060 3922 et
1073 3868 1149 3923 rnilri.
1166 3869 1200 3926 dc
1215 3885 1258 3924 nte
1274 3867 1348 3925 euim
1361 3867 1409 3925 ille
1422 3869 1540 3925 scribsit.
1552 3866 1581 3922 Si
1596 3871 1687 3920 autem
1702 3861 1777 3927 illiue

119 3934 917 4007 vitamlrabeatis.Gloriamablrnnriuibusrroiraccipio.Sed
972 3937 1070 3995 litteris
1091 3954 1146 3994 uon
1161 3940 1282 3997 creditis.
1297 3941 1433 4010 quomodo
1452 3939 1521 3996 meis
1543 3936 1634 3993 verbis
1648 3931 1776 3990 creditis.-

118 4008 676 4080 cuguuvirosquiadilectionemlieinen
688 4007 793 4063 habetis
807 4007 916 4071 intubis
971 4008 1037 4065 Post
1059 4011 1126 4066 laec
1144 4011 1211 4067 abiit
1228 4011 1308 4068 iesus
1326 4023 1401 4067 trans
1417 4008 1632 4066 roareGalileac.
1645 4011 1673 4061 ct
1692 4001 1777 4061 Tibe·

118 4078 194 4150 ipsis.
209 4081 264 4153 4444
279 4080 374 4136 444444
385 4080 495 4136 numine
509 4077 669 4145 Patrisunei,
685 4089 712 4133 et
726 4095 779 4135 nou
791 4077 914 4150 accipitis
971 4079 1064 4135 niudis.
1088 4091 1117 4136 et
1128 4093 1236 4139 secutae
1252 4093 1314 4141 sunit
1327 4098 1389 4139 euin
1403 4083 1496 4139 turbae
1511 4079 1611 4136 multae
1621 4080 1684 4149 4444
1699 4076 1777 4131 tide·

119 4167 173 4207 rue.
197 4151 219 4208 si
234 4152 304 4207 :nlius
315 4151 421 4206 venerit
442 4151 468 4205 in
483 4150 592 4207 rionrine
603 4163 663 4204 sno.
677 4148 751 4209 illuni
763 4149 911 4218 accipietis.
969 4161 1029 4206 runt
1040 4151 1115 4223 siqua
1130 4168 1198 4224 quae
1211 4153 1327 4209 liciebat
1341 4168 1423 4223 super
1436 4152 1569 4208 iodrnros.
1586 4146 1716 4205 Ascendit
1729 4161 1777 4201 er-.

118 4222 258 4291 Quomodo
266 4224 380 4296 potestis
391 4219 734 4292 roscredere.glori:rrrrab
748 4221 862 4276 iuriccrn
870 4237 914 4276 ne·
968 4238 1003 4293 go
1025 4222 1051 4278 ip
1078 4235 1197 4281 rneotern
1218 4223 1308 4282 lesus.
1331 4235 1359 4280 et
1373 4224 1409 4281 ibi
1427 4223 1540 4281 sedebat
1555 4237 1617 4276 rum
1631 4215 1777 4285 discipulis

118 4293 283 4364 cipienteset
295 4292 484 4365 gloriamquae
495 4292 573 4355 abeo
584 4291 644 4347 solo
654 4300 695 4347 est
707 4309 760 4347 uon
770 4291 911 4418 4444444444.
968 4294 1036 4348 suis.
1053 4293 1119 4350 Erat
1131 4307 1222 4353 autem
1238 4292 1640 4369 proximoPnscliadiesicstus
1651 4289 1774 4347 iudaeo-

117 4363 207 4425 Nolite
226 4376 315 4427 autem
339 4376 444 4438 putare.
470 4363 533 4447 quia
554 4378 606 4439 eqo
624 4354 774 4440 (44444444
828 4364 915 4437 ivos
969 4380 1039 4420 runt.

753 4475 870 4532 conl-:ll
889 4475 1124 4536 conutitutists.

91 4587 93 4591 ’
154 4576 199 4633 59.
219 4574 382 4632 Scrutamini
406 4572 577 4643 Scripturas,
592 4571 619 4627 in
640 4571 740 4643 quibus
753 4587 803 4628 ros
818 4575 917 4644 putatis
972 4575 1058 4643 vicem
1074 4587 1255 4646 quaerentes:
1276 4585 1306 4641 et
1327 4577 1452 4652 gloriam,
1467 4589 1535 4647 quac
1548 4574 1582 4630 ab
1598 4572 1645 4629 illo
1659 4570 1719 4629 solo
1734 4575 1778 4627 est

117 4649 202 4704 uitam
217 4658 357 4703 aeternam
372 4645 484 4699 babere.
973 4645 1040 4710 lieo,
1052 4655 1105 4702 etc.

153 4721 200 4776 dl.
220 4719 341 4776 Gloriam
357 4717 391 4771 ab
405 4714 568 4770 bominibus.
1007 4716 1073 4773 Car.
1095 4716 1138 4776 44.
1159 4749 1195 4761 —·
1209 4722 1235 4776 4.
1247 4728 1407 4777 transmare
1420 4717 1592 4783 Galilaeae·
1604 4714 1679 4770 illius
1693 4711 1778 4768 'libc-

152 4790 199 4863 45.
219 4794 245 4863 iq
270 4785 918 4861 uominePutrismeiveni,⁸etuou⁸accepi-
971 4787 1074 4845 riadis:
1110 4792 1274 4862 sequebatur
1306 4801 1396 4857 autern
1424 4793 1499 4857 illum
1523 4786 1688 4859 multitudo,
1710 4784 1776 4858 quia

118 4863 187 4918 atis:
203 4860 473 4944 444414444444444ἶ
761 4929 768 4942 ο
876 4931 884 4944 ι
972 4867 1025 4917 444.
1048 4898 1055 4915 .
1077 4897 1086 4917 .
1107 4901 1115 4918 .
1131 4861 1229 4932 debis,
1240 4863 1288 4936 qui
1302 4862 1521 4938 infirmabantur.

153 4930 200 4986 44.
219 4933 360 5002 Quomodo
374 4938 488 5013 potestas
502 4942 551 5001 444
563 4927 685 5003 credere,
700 4928 815 5011 qlpparq
827 4930 862 4987 ab
876 4946 918 4988 un-

749 5045 945 5108 vlbllll'lts
961 5051 1163 5113 lectiones.

150 5149 159 5181 ¹
177 5147 231 5199 Get.
242 5144 293 5198 Sed
311 5146 484 5208 cognorimus,
496 5145 554 5207 qula
569 5141 729 5194 dilectionem
749 5153 799 5193 nort
809 5142 915 5196 baltetla.
1000 5147 1011 5193 4
1028 5147 1082 5200 dut.
1096 5153 1187 5201 ettlm.
1201 5156 1228 5202 et
1239 5163 1288 5201 uon
1301 5153 1430 5216 accepistis
1440 5163 1490 5202 me.

23 5252 24 5256 ,
121 5209 193 5277 7444,
204 5211 295 5261 sedeo
313 5208 370 5269 nori
382 5219 433 5268 ros,
444 5208 502 5268 quia
516 5205 674 5256 dilectionem
686 5204 733 5255 Dei
749 5206 916 5282 4444444444.
1000 5209 1145 5285 44444444,
1159 5214 1276 5285 accipitis.
1298 5214 1352 5281 Get.
1370 5219 1394 5267 et
1411 5209 1606 5278 llot.ptoetcrito
1616 5215 1737 5287 44444444,
1750 5215 1779 5261 444

148 5275 266 5325 tappet
304 5281 337 5320 m.
351 5281 394 5318 rus
404 5274 504 5319 4444444
514 5264 830 5331 144444...444444444444.
846 5266 917 5337 rulq.
971 5268 1026 5321 cod.
1042 5271 1199 5325 corbeienses.
1343 5287 1346 5290 ⁴
1591 5282 1595 5289 “
1672 5275 1677 5294 ¹
1732 5328 1738 5337 ,

117 5342 216 5387 accusat
228 5347 269 5386 ros
280 5332 387 5396 Moyses,
400 5330 426 5379 in
436 5342 485 5392 quo
496 5342 540 5379 vos
548 5332 662 5403 speratis.
1003 5333 1014 5367 ⁸
1030 5336 1091 5387 Hm.
1101 5335 1273 5390 Tiberidlauis.

150 5400 161 5432 ⁸
178 5399 231 5450 Get.
245 5399 269 5447 iu
282 5395 426 5461 proximum.
439 5395 498 5443 lim.
510 5404 641 5454 proximus.
656 5390 730 5456 Veto.
742 5394 888 5456 proximum.

782 5498 968 5558 utanctltltl
987 5505 1102 5563 NOTAE.

116 5613 649 5774 {diffidit-ew&gramana·
665 5642 701 5657 ··
721 5611 760 5685 (l)
773 5613 854 5672 luxu
881 5624 937 5676 tex.
959 5620 1006 5679 Gr.
1023 5627 1058 5689 rie
1072 5625 1099 5684 io
1113 5629 1186 5701 ὑμεῖς
1199 5630 1334 5699 iliberi.
1348 5628 1433 5704 -(e)
1447 5629 1485 5693 lta
1511 5636 1542 5685 et
1554 5627 1617 5689 cod.
1640 5627 1722 5695 Cape
1739 5629 1777 5697 tis
