3810 6144
23 308 26 313 .
117 256 150 313 rr
826 204 1093 315 rnotvcousm.
1737 248 1774 309 ue

118 369 220 443 sagari.
232 369 326 441 blcque
338 369 410 425 enim
426 366 492 422 satis
505 365 553 420 init
563 365 656 421 divino
666 366 801 437 scriptori
813 365 917 432 dicere,
932 370 956 430 Α
971 365 1121 438 exemplar.
1147 364 1194 422 sed
1211 363 1286 436 plura
1312 378 1367 435 prae
1388 364 1511 420 manibus
1534 363 1662 421 babuisse
1679 366 1775 421 dicen-

119 465 145 519 in
161 462 295 534 principio
312 458 430 519 Verbum
445 459 545 525 inisse;
568 469 596 514 et
618 459 689 530 apud
704 460 800 527 beura,
815 466 919 515 etcum
971 460 1036 515 dum
1058 461 1104 529 sit,
1128 460 1198 514 undo
1220 457 1332 515 totidem
1352 460 1490 515 variantes
1512 459 1698 517 desumerent.
1718 457 1776 519 seo

119 559 175 615 lieo
190 558 284 614 Deum.
311 555 364 613 Sed
379 569 473 611 rursus
485 553 690 609 inculcandae
707 562 760 608 erot
779 554 807 607 iu
822 552 920 622 priori·
969 553 1165 618 nihilccrtius,
1181 566 1262 621 qnam
1282 566 1423 607 sacrorum
1437 551 1595 620 Librorum,
1616 552 1774 624 Noriprar·
1816 542 1822 549 ’

116 652 163 723 pio
175 648 350 720 apudlleunr,
362 647 434 720 qnod
446 647 549 719 pariter
564 646 663 716 repetit
678 647 763 717 Epist.
778 644 799 712 l,
814 660 835 713 t,
845 643 875 700 ὀ
888 641 918 704 ἦν
946 697 948 702 ,
970 646 1062 702 sertim
1076 645 1199 703 Foederis
1219 646 1295 703 locus
1307 646 1468 717 plerumque
1488 660 1504 701 e
1526 646 1664 702 memoriae
1687 662 1773 718 penu,

118 748 163 805 dur·
173 750 272 824 ἀρχῆς.
287 745 328 801 Ae
345 755 502 817 propterca,
517 742 589 814 quod
603 741 694 798 dicere
711 742 811 812 pergit,
824 739 919 796 onmia
967 738 1114 811 aliquando
1128 740 1210 795 etiam
1233 740 1421 803 tumultuario,
1439 749 1466 794 nt
1480 754 1524 794 res
1545 741 1617 810 ipsa,
1640 751 1687 796 aut
1702 750 1775 797 tem-

119 855 169 911 per
182 840 272 908 ipsum
296 836 376 905 tacta,
398 822 426 893 et
446 836 505 892 sine
527 835 587 907 ipso
610 834 676 890 nibil
696 848 789 890 eorum
806 831 917 901 laeum,
971 850 1021 905 pus
1034 833 1146 901 terrent,
1164 833 1292 889 Ecclesiae
1308 833 1404 889 Patres
1424 832 1565 888 adtulisse.
1582 832 1640 890 Nisi
1662 833 1685 888 si
1702 833 1775 892 iorte

118 945 179 1001 qnae
192 943 293 996 sunna
309 931 395 1002 prima
410 929 468 995 illa,
489 942 569 1000 qnam
591 937 724 983 assertam
737 926 832 992 voluit,
847 924 918 980 reri·
970 925 1004 980 ad
1016 936 1151 982 assertum
1170 924 1280 996 aliquod
1296 918 1463 994 probandum
1484 926 1597 996 praecisa
1617 931 1687 983 sacri
1700 926 1774 984 'l'ex-

118 1031 183 1089 tate,
201 1022 277 1094 quasi
292 1037 307 1076 a
321 1020 395 1077 lonte
409 1021 493 1088 rivus,
508 1030 629 1076 emanat.
651 1016 706 1074 Sed
723 1032 804 1072 nonio
820 1017 917 1072 melius
970 1027 1014 1074 tus
1029 1021 1191 1073 auctoritate
1204 1031 1273 1086 opus
1289 1016 1368 1073 locet.
1386 1016 1464 1073 Tunc
1476 1019 1547 1074 enim
1562 1028 1669 1085 exacte,
1683 1034 1715 1074 ac
1725 1034 1774 1089 per

117 1113 263 1192 παράδοξον
279 1113 348 1168 istud
364 1112 462 1175 Grotii,
484 1125 564 1182 quiam
587 1109 697 1165 Grotius
718 1111 775 1188 ipse
789 1107 918 1164 emenda·
971 1119 1061 1178 partes
1075 1108 1243 1175 ellorebaut;
1258 1109 1331 1179 quod
1347 1112 1372 1164 in
1388 1108 1501 1167 laudatis
1515 1110 1651 1182 aliquibus
1665 1110 1775 1168 Tertul-

118 1209 165 1263 rit.
195 1209 262 1262 Cum
286 1207 359 1263 enim
381 1206 469 1276 plura,
491 1204 634 1275 exquisita,
659 1211 689 1258 ut
710 1216 783 1272 steps
805 1203 918 1270 assolet,
970 1199 1034 1255 liam
1049 1200 1116 1255 locis
1134 1199 1356 1255 ribseruabumus.

118 1299 272 1356 eruditione
296 1300 454 1354 adnotasset
468 1295 502 1352 ad
522 1296 607 1367 prima
632 1295 688 1363 illo,
704 1293 743 1352 Ἐν
764 1297 838 1371 ἀρχῇ
858 1291 919 1354 did
1005 1292 1145 1351 btbatina
1157 1294 1326 1366 antigrapho,
1339 1295 1419 1350 ctiam
1431 1294 1590 1363 vetustiora,
1604 1296 1631 1351 iu
1647 1294 1774 1365 pluribus

116 1392 202 1469 idque,
227 1392 367 1448 concludit
389 1390 498 1446 taudem
522 1407 529 1443 :
557 1389 685 1461 llejicitur
709 1387 751 1442 tric
773 1404 791 1440 o
816 1385 918 1441 Joanre
970 1386 1110 1442 differunt.
1135 1387 1209 1440 Esto.
1237 1384 1307 1440 llum
1332 1385 1425 1442 draca
1446 1386 1480 1440 ab
1501 1386 1576 1442 bisce
1598 1386 1775 1442 varietatibus

118 1483 299 1540 Gnosticorum
322 1485 484 1558 fiqmentum,
509 1485 555 1555 qul
579 1484 606 1538 ie
626 1491 672 1544 ric
694 1488 835 1561 προαρχῆς
856 1487 918 1550 port
971 1481 1074 1537 libera?
1089 1479 1164 1535 llaud
1186 1478 1321 1550 equidem.
1338 1478 1431 1551 Neque
1446 1480 1524 1535 aliter
1537 1495 1597 1536 esse
1610 1479 1715 1551 potuit;
1731 1480 1772 1547 si¹

118 1576 201 1631 multu
210 1577 305 1632 saecuto
317 1577 406 1631 aarum
420 1581 477 1631 νοῦν
490 1574 603 1629 ciebunt.
618 1573 719 1630 Deinde
731 1590 763 1628 ee
774 1580 817 1629 iod
829 1581 919 1626 nutum
970 1571 1109 1629 Clemente
1126 1571 1308 1629 Alexandrino
1319 1580 1399 1638 teste,
1408 1583 1436 1627 ut
1449 1571 1681 1627 observatllillius
1690 1570 1775 1643 (Pro-

117 1678 248 1743 μονογενῆ,
269 1678 291 1723 et
301 1669 332 1723 ab
345 1664 465 1743 ιολόγνν.
477 1665 538 1722 llirn
550 1667 672 1721 veritatis
684 1664 755 1720 illins
770 1665 856 1720 sensit
869 1678 917 1735 pa·
970 1667 1033 1741 lep,
1046 1684 1072 1722 n.
1089 1665 1169 1736 isti.
1182 1666 1237 1736 jam
1252 1680 1306 1721 oon
1332 1664 1474 1721 debuerant
1492 1668 1525 1723 τὰ
1541 1673 1592 1722 τῶν
1614 1665 1776 1741 εὐαγγελίων

62 1773 64 1776 ·
118 1764 184 1817 riter
200 1763 226 1815 iu
238 1771 373 1817 commate
385 1761 509 1833 sequenti
528 1758 603 1823 οὗτος
618 1757 647 1821 ἦν
661 1762 686 1816 ἐν
701 1762 774 1836 ἀρχῇ
790 1759 855 1833 πρὸς
873 1759 918 1814 τὸν
932 1752 1155 1834 Βμετιιτιθίντις.
1171 1756 1249 1825 Quod
1264 1756 1391 1812 licentius
1408 1756 1493 1811 multo
1506 1773 1519 1809 a
1534 1756 1659 1828 pluribus
1674 1758 1774 1812 lactum

118 1856 189 1912 Θεὸν.
210 1855 310 1927 Repetit
331 1855 388 1922 boc,
404 1854 540 1926 inquiens,
561 1855 621 1923 qaia
639 1852 787 1924 Derrmjom
802 1852 919 1917 uocauit;
970 1850 1065 1908 scribit
1088 1848 1219 1920 Origenes
1234 1847 1335 1905 lloruil.
1353 1863 1399 1903 vur
1416 1849 1443 1902 iu
1458 1847 1551 1904 llattlr.
1569 1846 1664 1920 (cujus
1682 1847 1772 1903 locum

119 1947 260 2002 iocaolem
279 1948 317 2003 itu
329 1946 478 2004 Deumerre
496 1946 700 2018 intelliqeudum,
714 1944 853 2000 utetillud
866 1959 920 1999 nas·
972 1944 1050 1999 nobis
1065 1942 1248 1998 commodavit
1269 1941 1402 1998 Erasmus
1427 1940 1532 1996 laudata
1555 1941 1715 2012 praelatione
1738 1938 1773 1996 ad

118 2049 189 2106 neat,
211 2040 292 2112 [uisae
310 2057 367 2096 cunr
389 2040 460 2111 opud
485 2038 576 2094 Deum.
599 2038 633 2092 td
653 2048 691 2094 ert
717 2047 745 2092 ut
772 2053 824 2091 nort
842 2035 920 2108 luerit
971 2038 1044 2095 Edit.
1053 2053 1078 2091 ι.
1089 2036 1121 2091 N.
1136 2034 1193 2109 T.).
1207 2036 1295 2093 Verba
1308 2036 1381 2094 illius
1393 2047 1456 2092 sunt
1469 2055 1476 2092 ι
1490 2034 1603 2091 diuitem
1615 2037 1685 2091 enim
1697 2033 1774 2104 diffe-

118 2131 132 2188 ὁ
143 2129 217 2207 λόγος
229 2148 304 2186 omne
316 2132 345 2186 id
355 2131 426 2204 quod
436 2142 473 2187 est
483 2130 566 2188 Deua.
582 2130 762 2204 lipportoreoa
773 2129 918 2186 distinctio·
971 2132 1081 2186 rentiam
1098 2130 1164 2184 iuter
1174 2129 1336 2201 exemplario
1347 2130 1506 2196 invenimus,
1519 2130 1571 2185 riae
1583 2145 1631 2199 per
1643 2127 1774 2202 ueqiipen-

119 2241 176 2279 nem
193 2224 327 2298 Oriqener,
341 2234 366 2280 et
379 2234 438 2299 port
451 2241 509 2280 eum
522 2225 568 2280 olii
579 2214 710 2279 oocouere.
971 2226 1035 2280 tium
1049 2223 1229 2290 scribentium,
1245 2224 1298 2278 aire
1317 2238 1349 2278 ea
1361 2223 1504 2278 temeritate
1516 2221 1705 2294 quorumdem,
1721 2222 1775 2278 riae

153 2316 182 2372 st
205 2317 263 2373 lnce
283 2319 456 2388 expendisset
473 2317 607 2386 Clericus,
624 2319 808 2386 grammaticae
829 2317 916 2389 leges,
970 2325 1150 2387 propterera,
1163 2315 1206 2385 qui
1229 2314 1364 2389 neqlipunt
1383 2312 1519 2369 emendare
1544 2313 1708 2384 Scripturas,
1734 2311 1775 2367 vel

119 2421 187 2479 quas
201 2409 244 2462 vel
256 2409 355 2463 invitas
369 2410 403 2464 ad
419 2410 508 2464 locum
521 2409 601 2465 istoru
615 2410 760 2480 pertraxit,
773 2408 920 2482 praeteriis·
970 2417 1077 2483 propter
1090 2424 1145 2474 cea,
1155 2409 1212 2479 qui,
1226 2407 1297 2479 quod
1313 2409 1378 2478 ipris
1389 2406 1498 2474 uidetur,
1513 2406 1540 2459 in
1556 2405 1774 2460 emendatioribus

119 2510 173 2556 set.
190 2501 244 2556 Sed
260 2500 299 2555 itti
309 2509 440 2556 statutum
456 2511 523 2569 crat,
540 2504 737 2575 evangelistam
750 2502 783 2559 ad
797 2501 920 2559 Plrilonis
972 2500 1011 2555 ael
1027 2499 1168 2571 adjiciunt,
1187 2499 1226 2554 ael
1239 2501 1396 2581 subducunt.
1413 2499 1481 2561 llinc
1494 2496 1559 2552 nibil
1574 2495 1683 2562 orimur,
1695 2495 1730 2561 si,
1744 2495 1773 2552 in

119 2585 290 2654 aliorumque
305 2583 504 2640 Platonicorum
527 2589 610 2640 verba
632 2588 821 2656 respicientem
837 2588 918 2644 indu·
971 2606 1002 2647 re
1015 2592 1128 2663 alicujus
1142 2591 1273 2647 momenti
1287 2590 1451 2647 variantibus
1471 2588 1544 2645 iuter
1560 2604 1590 2644 sc
1606 2586 1773 2658 exemplari-

119 2691 193 2732 cere.
214 2679 253 2730 An
273 2675 396 2732 lelicibus
420 2676 560 2747 auspiciis,
585 2677 707 2749 legentes
727 2680 845 2733 vileant.
862 2680 921 2736 lloc
972 2684 1040 2751 bris,
1053 2684 1086 2737 ad
1099 2684 1242 2762 diripimur
1254 2685 1343 2741 Graeci
1359 2685 1409 2750 ipsi
1424 2697 1570 2754 provocare
1584 2680 1724 2744 solebant;
1740 2695 1773 2736 ca

120 2783 202 2822 unum
216 2767 325 2835 addam,
342 2767 508 2824 inversione
528 2768 574 2823 illa
590 2785 638 2824 sua
653 2768 796 2824 obscuram
808 2770 921 2826 omnivm
973 2773 1079 2831 scilicet
1089 2815 1098 2840 ,
1109 2790 1168 2843 quie
1181 2776 1208 2828 in
1220 2775 1289 2829 male
1305 2774 1416 2828 leriatos
1426 2773 1619 2828 emendatores
1634 2787 1688 2826 non
1706 2770 1774 2828 inci-

119 2856 268 2927 clericum,
290 2859 454 2931 dubiamque
474 2859 626 2916 reddidisse
651 2860 838 2931 lippostaseou
862 2861 921 2918 dis·
972 2864 1087 2920 dissent.
1103 2864 1145 2921 Ad
1160 2866 1217 2921 brec
1233 2864 1464 2932 tamen‚lallente
1478 2865 1625 2931 memoria,
1648 2880 1702 2918 nou
1725 2863 1775 2920 ad-

120 2955 289 3011 tinctionevn.
305 2956 339 3011 lit
349 2954 465 3011 lortasse
480 2956 530 3012 lroc
542 2956 673 3019 sentiens,
687 2971 748 3010 curn
763 2955 919 3023 Rationem,
972 2958 1050 3013 vertit
1064 2959 1184 3012 animum
1198 2958 1327 3013 Erasmus
1341 2956 1410 3026 ipse,
1425 2938 1533 3028 quando
1548 2958 1574 3010 iu
1589 2955 1684 3012 eadem
1698 2970 1771 3025 prae·

119 3055 149 3103 ut
159 3045 273 3103 Vsaouvr
284 3047 421 3117 explicaro
430 3048 522 3114 vellet,
534 3046 775 3104 llirrocrnsrroms
787 3047 920 3104 uocabulo
972 3049 1072 3105 latione
1083 3051 1215 3120 suspicari
1229 3064 1260 3105 se
1275 3048 1323 3116 ait,
1335 3047 1433 3120 siquid
1446 3058 1578 3105 minatum
1593 3058 1636 3104 est
1652 3048 1680 3104 iu
1694 3047 1773 3104 Grae-

121 3143 265 3210 expressit.
278 3139 363 3195 lmrno
378 3142 404 3196 iu
419 3141 691 3197 animadversionum
707 3156 817 3197 suorum
834 3143 920 3199 altura
934 3131 958 3194 C
973 3159 1064 3199 corum
1088 3145 1181 3211 libris,
1197 3143 1223 3199 id
1238 3161 1253 3198 a
1268 3143 1371 3198 Latinis
1385 3142 1584 3214 exemplaribus
1606 3141 1689 3198 luisse
1708 3156 1774 3211 pro·

122 3234 174 3289 troc
195 3235 283 3304 ipsum
307 3234 423 3290 adducto
439 3235 558 3299 Platonis
580 3235 639 3291 loco
662 3250 678 3291 c
698 3234 801 3290 Timreu
823 3234 922 3292 contir-
972 3239 1084 3305 fectum,
1099 3248 1277 3311 posteaquam
1295 3236 1416 3293 Romana
1432 3236 1553 3292 Ecclesia
1574 3235 1658 3306 coepit
1678 3235 1773 3291 absor·

122 3333 192 3391 mat;
221 3325 265 3380 ubi
285 3325 466 3401 philosophus
487 3327 533 3382 ille
553 3327 633 3402 Λόγον
655 3325 774 3397 appellat
793 3335 838 3383 τοῦ
856 3335 921 3384 Θεοῦ
973 3332 1037 3389 bere
1056 3333 1200 3389 Graeciam.
1215 3331 1272 3400 Qua
1293 3331 1448 3402 suspicione
1461 3331 1526 3386 nibil
1538 3329 1659 3401 prolecto
1675 3331 1771 3385 levius.

120 3419 257 3493 λιγισμὸνς
273 3419 343 3489 quod
359 3420 428 3475 idem
453 3429 504 3488 cst,
526 3420 566 3492 (nt
577 3422 633 3491 jam
650 3420 784 3495 diximus)
804 3438 835 3477 ac
848 3422 921 3478 lieu·
974 3422 1058 3480 Sicuti
1073 3423 1206 3480 irrlrrrnius
1225 3423 1290 3477 nitril
1307 3422 1357 3490 iis,
1374 3438 1435 3492 qum
1460 3421 1493 3477 de
1517 3421 1626 3492 antiqua
1647 3422 1774 3477 versione

122 3525 176 3565 srirr
189 3511 287 3566 diriore
310 3513 419 3579 mentis,
435 3528 485 3584 per
504 3515 652 3570 essentiam
675 3513 800 3584 equidem
820 3512 920 3585 Rrrto,
973 3515 1074 3572 ibidem
1087 3525 1258 3571 commentus
1273 3526 1326 3581 est,
1344 3516 1469 3586 inquiens
1485 3532 1491 3570 :
1509 3515 1563 3570 Sed
1585 3514 1652 3569 irone
1674 3516 1772 3588 recepit

121 3614 149 3659 at
162 3621 210 3676 per
224 3605 382 3679 lrypostasiu
397 3604 521 3665 leneus.
975 3609 1092 3665 licrleeie
1108 3610 1236 3665 llomonu.
1249 3607 1292 3665 Ne
1305 3610 1332 3662 id
1344 3609 1448 3681 quidem
1462 3609 1613 3680 rinrpticiter
1624 3624 1710 3662 uerum
1724 3618 1771 3663 eat.

158 3697 249 3754 Satius
261 3700 351 3772 itaque
363 3701 450 3756 luerat
469 3701 615 3770 clericum,
635 3719 697 3759 cum
712 3703 816 3759 Latinis
831 3704 922 3760 omui-
975 3704 1105 3771 Obseruet,
1121 3705 1164 3776 qui
1180 3705 1255 3767 uolet,
1271 3704 1333 3773 quid
1348 3703 1417 3775 lepor
1427 3703 1534 3756 ecclesia
1550 3700 1670 3755 Routouu
1679 3718 1689 3766 ;
1701 3718 1772 3755 coru-

123 3788 173 3845 bns
189 3798 322 3846 vetustum
342 3793 516 3864 interpretem
539 3795 722 3867 requiquam
744 3798 918 3868 evangeliste
972 3801 1052 3873 periet
1067 3799 1150 3853 neutro
1163 3798 1304 3851 dissonare.
1324 3797 1388 3851 lieo
1409 3811 1526 3851 vroevun
1548 3810 1639 3850 rursss
1664 3793 1774 3849 Gereo-

123 3882 224 3948 locum,
240 3898 322 3938 sensu
335 3885 393 3954 ipso
408 3885 487 3941 aliter
500 3885 639 3954 exigente,
658 3885 698 3942 sic
713 3897 830 3944 vertere.
973 3905 1040 3954 nus,
1050 3904 1117 3958 quor,
1132 3903 1211 3959 quum
1220 3888 1277 3958 jum
1288 3887 1391 3941 tederet
1404 3887 1515 3958 infinitae
1528 3885 1668 3953 uarietatis,
1686 3886 1773 3938 locum

160 3976 277 4047 Sedjam
296 3978 423 4048 sepositis
441 3979 598 4036 sclroliastis
620 3981 706 4047 bisce,
734 3997 849 4052 quorum
871 3997 920 4039 ne·
973 3981 1092 4036 obtinuit.

123 4083 176 4140 quc
196 4069 317 4125 exactior
340 4084 423 4141 opera
449 4070 477 4125 in
503 4070 648 4128 reddendis
668 4072 751 4127 diuini
773 4072 922 4145 Scriptoris
1008 4073 1043 4129 Et
1059 4087 1152 4128 verum
1171 4069 1295 4143 equidem
1314 4077 1366 4135 est,
1379 4068 1406 4124 iu
1418 4077 1458 4124 tot
1475 4065 1678 4139 exemplaribus
1690 4066 1723 4122 N.
1739 4066 1772 4122 Τ.

124 4158 225 4224 verbis,
242 4174 329 4231 neque
343 4161 513 4217 commodior
536 4163 632 4228 evasit,
648 4161 681 4216 ad
696 4163 872 4233 multiplicem
890 4164 922 4220 il·
973 4181 1032 4239 quae
1047 4175 1109 4237 post
1126 4167 1264 4221 inventam
1285 4165 1490 4236 typographiam
1506 4162 1646 4234 prodiere,
1662 4159 1773 4217 differre

125 4254 177 4310 lam
199 4253 377 4324 interpretum
396 4257 496 4312 seriem
522 4256 642 4322 rediens,
667 4272 736 4329 quos
759 4258 871 4315 lloetius
895 4260 922 4316 iu
973 4259 1087 4315 invicem
1113 4257 1242 4331 plurima.
1266 4255 1320 4312 Sed
1334 4272 1386 4327 qua
1406 4257 1441 4311 de
1457 4272 1557 4322 causa,
1578 4256 1711 4326 ipsemet,
1728 4255 1774 4324 qui

124 4345 316 4402 ecclesiasticis
339 4347 517 4418 sumptoribus
538 4349 675 4405 invenisse
697 4350 748 4404 sibi
765 4350 920 4421 videbatur,
973 4350 1074 4421 pluries
1088 4348 1187 4414 edidit,
1201 4348 1271 4404 scire
1293 4357 1409 4418 poterat.
1430 4347 1534 4417 Nempe
1557 4363 1592 4403 ex
1613 4346 1774 4403 diversitate

125 4453 179 4496 uon
194 4438 310 4496 verebor
321 4439 467 4506 alllrmare,
483 4442 562 4498 aliter
575 4442 650 4498 illurn
666 4457 810 4500 sensurum
826 4446 920 4513 luisse,
972 4443 1106 4508 codicum,
1120 4441 1281 4513 adquorum
1296 4441 1376 4496 lldcm
1390 4442 1575 4512 exigebantur.
1592 4441 1695 4497 llorum
1707 4457 1773 4498 vcro

125 4533 148 4589 si
159 4541 347 4604 argumentum
363 4533 416 4589 linc
426 4534 558 4589 maturius
570 4544 772 4604 pertractasset.
788 4538 842 4609 ligo
855 4552 922 4595 sane
934 4520 961 4582 Ῑ)
974 4536 1125 4601 diversitas,
1141 4552 1194 4590 uon
1207 4550 1240 4590 ex
1252 4535 1429 4604 interpretum
1444 4532 1588 4601 varietate,
1601 4534 1648 4588 sed
1661 4549 1692 4588 er
1706 4533 1769 4599 illis,

125 4639 186 4681 curu
202 4625 323 4696 argentei
337 4623 439 4680 codicis
451 4626 536 4681 nostri
552 4625 726 4683 collationem
740 4643 802 4684 cnm
813 4628 923 4686 Tertul-
974 4642 1042 4700 quos
1056 4625 1204 4698 Origenes,
1224 4636 1253 4683 et
1273 4635 1332 4697 post
1352 4624 1424 4681 lruuc
1440 4626 1619 4698 llicrouyrnus
1634 4625 1774 4681 ruenroriae

125 4717 206 4784 liano,
221 4734 254 4774 ac
269 4715 405 4790 Cypriane
427 4720 622 4786 instituissem
638 4722 709 4793 quod
725 4723 794 4779 inter
809 4722 922 4781 Latinos
973 4721 1125 4795 prodidere.

125 4809 274 4877 scriptores
287 4810 320 4866 ad
334 4825 367 4866 ea
385 4811 512 4866 Ecclesiae
528 4821 649 4882 tempora
677 4814 787 4883 propius
807 4815 922 4871 accede·
1009 4813 1086 4882 Quod
1099 4824 1190 4870 autem
1205 4814 1253 4881 ait,
1267 4812 1352 4869 videri
1363 4813 1527 4879 versionem,
1543 4811 1578 4868 de
1588 4828 1639 4883 qna
1655 4809 1773 4883 aqimus,

125 4908 198 4963 rent,
218 4900 317 4970 quibus
331 4903 438 4973 puriora
454 4912 575 4961 veterum
593 4905 769 4977 interpretum
784 4907 921 4978 exempla·
973 4909 1058 4965 luisse
1080 4907 1235 4974 Gallorum;
1250 4925 1318 4978 quos
1344 4909 1449 4980 praedes
1471 4908 1505 4964 de
1533 4909 1706 4978 possessione
1722 4907 1774 4963 ista

47 4987 52 4996 ’
126 4992 166 5046 ria
180 5004 241 5047 esse
253 4992 411 5060 debuerant,
428 4994 496 5051 locis
506 4995 641 5063 omnibus,
655 5010 723 5066 quos
737 4996 778 5052 illi
789 5013 821 5053 ex
833 4999 922 5052 Evan-
973 5009 1122 5057 conventus
1136 4999 1266 5058 Erasmus
1284 5000 1397 5056 daturus
1411 5001 1506 5056 luisset
1523 5016 1576 5054 nou
1590 4999 1680 5055 rideo.
1699 4997 1720 5053 F
1722 4998 1775 5054 eli-

125 5084 204 5156 geliis
226 5083 404 5155 adduxerant,
429 5099 535 5147 maturo
549 5090 703 5163 perpensis,
721 5090 831 5146 laudum
858 5093 923 5149 milri
974 5096 1049 5152 citati
1074 5095 1223 5152 Galliarum
1252 5103 1427 5153 monumento
1448 5096 1616 5169 antiquitatis
1641 5095 1775 5153 debemus

126 5178 243 5249 aliquem
260 5191 370 5248 parasse
384 5181 521 5250 putabam,
535 5184 607 5239 unde
626 5185 755 5241 lectiones
769 5182 833 5240 dicti
849 5184 924 5241 codi·
975 5189 1109 5260 plurima,
1131 5188 1189 5243 baec
1206 5189 1286 5256 inter,
1300 5189 1382 5246 etiam
1407 5190 1439 5246 Ν.
1467 5190 1499 5246 Τ.
1520 5189 1688 5263 apographa,
1713 5205 1775 5260 quar

127 5270 167 5326 cis
184 5270 290 5327 illorum
313 5273 473 5328 auctoritate
487 5272 596 5332 llrmare
611 5291 729 5347 possem.
744 5277 794 5334 lst
810 5279 855 5335 ubi
875 5278 925 5334 nii·
977 5281 1134 5354 lliernoymi
1147 5289 1255 5338 aetatem
1270 5291 1464 5348 antevertrrut;
1480 5283 1555 5354 plura
1569 5281 1694 5348 debituri,
1710 5283 1776 5350 nisi,

128 5362 236 5433 quando
247 5362 305 5421 dies
324 5362 376 5420 diei
391 5364 488 5432 illuxit,
504 5366 600 5424 laisum
614 5384 667 5434 me,
693 5380 719 5427 et
732 5370 843 5427 lendum
865 5373 926 5428 nul·
977 5382 1039 5446 post
1053 5376 1167 5443 primam
1183 5375 1254 5430 illam
1268 5375 1391 5444 cladem,
1405 5384 1445 5431 tot
1458 5376 1521 5444 alia,
1536 5391 1597 5447 quae
1610 5374 1712 5430 serrari
1727 5391 1776 5446 po-

126 5453 181 5509 lum
195 5465 299 5514 certum
314 5457 408 5515 labore
423 5458 470 5515 illo
484 5460 606 5516 milrimet
623 5477 797 5533 comparasse
816 5464 924 5522 tandem
976 5475 1103 5533 inerant,
1118 5466 1220 5522 tristior
1241 5466 1326 5523 altera
1348 5477 1518 5539 occupasset.
1534 5467 1600 5536 Qus
1615 5474 1705 5521 tamen
1722 5465 1776 5521 illic

127 5551 255 5617 cognovi.
272 5547 310 5604 lta
325 5552 434 5608 easdem
448 5552 591 5624 pericopas
607 5553 658 5625 (uti
682 5550 853 5613 obseruatum
869 5557 924 5630 est)
976 5567 1132 5630 supersunt,
1143 5558 1253 5615 easdem
1265 5560 1356 5627 vices,
1372 5575 1404 5617 ac
1414 5560 1523 5629 italica,
1540 5575 1619 5631 passa
1638 5569 1717 5627 sunt,
1729 5573 1776 5613 ra·

101 5710 111 5718 ..
127 5637 198 5696 band
212 5641 306 5697 iisdem
319 5646 418 5711 verbis,
436 5655 464 5702 et
478 5661 549 5702 vrnnc
562 5646 698 5719 pluribus,
720 5647 800 5704 modo
813 5650 926 5723 paucio·
977 5652 1110 5709 riamibos
1126 5651 1233 5709 scilicet
1248 5652 1376 5709 obnoxia.
1392 5651 1527 5712 Caeterum
1542 5670 1575 5711 er
1594 5656 1688 5712 eodem
1703 5653 1777 5714 tonte

58 5731 61 5737 “
128 5732 215 5806 ribus,
231 5732 364 5802 elicerem
388 5749 417 5794 ιιι
429 5750 576 5831 propterea
591 5755 647 5801 non
662 5757 756 5813 onum,
776 5741 926 5807 elterumre
978 5743 1081 5825 omnia,
1096 5759 1194 5825 nempe
1204 5743 1335 5809 Romanu
1347 5744 1479 5821 Ecclesiu
1492 5746 1651 5834 primigenia
1662 5748 1706 5810 illa
1718 5732 1780 5821 rep·
