3810 6144
138 220 176 280 tt
532 214 641 274 ubist.
662 215 785 273 utttttu.
808 216 994 285 mauultl,
1008 216 1054 276 be
1072 216 1200 278 couleti
1218 220 1394 281 ltlttxltrlo.
1755 230 1791 289 ll

136 304 316 397 &mugio
328 343 481 408 sumptum,
501 334 699 406 probatamque
720 334 753 390 iri
776 340 859 392 'nemo
880 345 937 405 est,
953 337 1064 398 Atere's
1079 336 1142 396 lrlttc
1156 336 1218 395 inde
1241 339 1359 412 dilapso,
1376 340 1486 398 nonnisi
1509 344 1570 400 luce
1594 345 1711 416 plurima
1724 345 1790 417 naid

139 430 192 505 qai
213 447 268 488 aua
288 429 390 487 rideat.
413 427 693 487 Sedduatuariantea
706 427 849 495 lectiones,
869 442 939 502 otras
990 429 1121 502 scriptum
1147 432 1184 487 sit
1196 446 1268 504 agre
1291 444 1450 505 ameqnare.
1475 433 1610 507 integrum
1626 438 1718 509 itaque
1732 446 1792 496 tea·

134 527 203 583 olittr
215 540 233 583 a
246 522 366 582 traam
378 528 458 580 testu
468 536 581 585 omum,
597 521 708 578 eLactc
721 537 753 578 ac
765 522 878 580 manis
892 522 940 579 ali·
991 530 1048 578 tum
1060 532 1177 595 quattuor
1188 525 1415 596 euangeltsnrutn
1435 543 1478 584 me
1493 543 1586 586 coram
1609 541 1638 586 ut
1652 546 1668 587 ι
1683 532 1791 604 legente

134 624 204 691 lpaol
220 618 248 674 ia
260 615 433 674 tidreraariis
445 619 634 687 seposueram,
648 620 767 671 retracto
780 615 895 681 iterum,
907 629 940 672 ac
991 616 1108 688 scriptor
1120 617 1258 687 exciperet
1276 618 1381 674 curari.
1405 620 1462 688 Qua
1477 623 1503 677 in
1528 636 1558 679 re
1573 623 1639 695 ntrid
1649 625 1689 680 sit
1702 624 1793 683 lcrelt·

134 710 251 769 eoalerc
267 726 276 766 ι
291 724 328 767 ue
345 719 456 764 morer
477 707 580 775 nostri,
596 705 682 778 sinui
701 705 817 764 tortasse
840 706 941 779 legenti
991 709 1056 768 dum
1076 719 1135 767 tuta
1167 713 1251 768 sels:
1277 721 1421 784 tecumque
1445 728 1564 783 omncs,
1600 719 1646 788 eui
1678 716 1792 789 ltthtsce

136 808 223 873 mppr,
241 815 291 864 ,ut
303 805 469 864 muniti
482 805 679 878 obrepsissent,
693 807 863 879 inupuneuent
876 802 939 879 μὴ.
991 805 1064 860 modi
1091 805 1189 862 studiis
1207 820 1321 879 operam
1345 807 1515 878 impendunt.
1535 810 1635 882 licque
1650 813 1702 868 lroc
1723 813 1791 871 satis

124 899 239 958 ceritati
256 914 316 959 aen
337 912 432 954 ruratio
448 898 649 954 amantissimas
664 898 769 954 litterar
785 908 862 966 tuas,
876 900 941 972 ‘qui-
992 897 1054 955 ddei
1071 908 1172 956 nostras
1195 901 1294 957 lactum
1307 902 1477 971 existimans,
1497 906 1623 962 omnibus
1637 907 1671 962 ad
1686 907 1792 964 calcem

136 995 188 1052 bns
199 992 405 1067 cogitaretedc
416 991 523 1050 edmdo
535 993 633 1064 tmegrl
652 993 755 1050 codicis
769 1004 843 1050 textu
854 995 940 1066 signi·
992 999 1078 1061 usque
1092 990 1242 1060 perductis,
1264 994 1367 1050 cotltoii
1382 1010 1478 1054 rursus
1492 1011 1554 1052 cunt
1570 998 1729 1072 archetypo,
1744 1006 1793 1057 cx·

136 1087 214 1144 icas.
238 1085 360 1144 laudun
382 1086 552 1158 propositum
575 1085 666 1151 istud,
695 1102 748 1156 nun
769 1087 796 1142 in
811 1102 841 1142 re
862 1099 939 1144 sucus
991 1086 1072 1153 cepto
1083 1080 1220 1151 tlattbao,
1235 1098 1327 1153 cuent,
1344 1087 1488 1144 occasione
1503 1091 1675 1147 commodum
1690 1093 1792 1158 oblata.

135 1180 323 1248 mmm,
337 1180 417 1252 lunga
432 1179 544 1237 uberius
555 1194 637 1251 qurum
651 1177 717 1235 solis
730 1181 878 1251 excerptis,
897 1195 941 1236 sa-
991 1172 1024 1230 ad
1038 1182 1065 1229 te
1079 1175 1264 1244 praemiseram
1279 1193 1286 1232 :
1301 1179 1387 1236 oculis
1400 1189 1496 1250 suapte
1520 1182 1664 1239 imbecillis
1680 1192 1793 1258 perpete

136 1277 273 1332 ttslacturu
287 1272 323 1330 iti
336 1264 489 1330 ridebatur.
505 1271 635 1342 Quamvis
654 1272 726 1328 enim
744 1268 779 1328 ad
794 1285 941 1329 scoemen-
991 1267 1037 1324 illo
1049 1267 1110 1325 nisu
1126 1269 1272 1342 aliquando
1283 1271 1469 1332 fatiscentibus
1480 1278 1532 1342 ita,
1550 1287 1578 1334 ut
1590 1295 1702 1352 pergere
1720 1282 1793 1339 ultra

135 1369 212 1437 dum,
229 1367 373 1441 guidolitrt
394 1378 412 1423 e
434 1365 568 1432 lontibus,
589 1365 653 1436 quid
676 1365 849 1422 ememoriae
869 1379 940 1437 penu
992 1376 1046 1416 uon
1069 1362 1174 1418 liceret.
1198 1363 1278 1420 Erasi
1294 1374 1396 1432 lamen,
1419 1368 1592 1442 perfectaque
1613 1372 1687 1430 dedi.
1702 1373 1794 1432 liabeo

136 1450 324 1535 „comperiat
341 1471 467 1527 ueteres3
490 1474 551 1532 qum
566 1459 594 1515 in
617 1459 735 1531 publicis
754 1458 939 1517 Ecclesiarum
994 1468 1066 1509 rturtc
1089 1453 1204 1524 quidde
1221 1454 1299 1512 istius
1311 1459 1414 1516 codicis
1429 1460 1519 1518 indole
1533 1478 1598 1520 tero
1612 1465 1728 1521 similius
1739 1482 1793 1539 pa·

134 1553 278 1612 mm,
288 1551 383 1619 hcm,
398 1551 497 1624 mg„
508 1551 677 1624 mmmmm
691 1562 783 1620 ΜΚ
806 1552 870 1624 qupp
886 1553 941 1622 μή.
991 1552 1046 1601 tetu
1061 1564 1067 1600 :
1084 1546 1191 1617 quidde
1204 1548 1368 1607 liliosa-tate
1382 1553 1544 1624 conjecerim
1562 1573 1569 1610 :
1585 1572 1646 1629 qum
1660 1568 1794 1630 practerea

136 1647 200 1712 uris,
217 1644 283 1719 quatu
299 1642 476 1716 sequentibus
495 1642 603 1699 suculis
616 1643 762 1714 tegeretur,
783 1642 843 1699 tuuc
858 1642 939 1714 uturt-
992 1639 1056 1695 utrm
1074 1654 1089 1695 a
1106 1655 1150 1697 ue
1168 1642 1266 1712 rapum
1288 1645 1448 1712 absumta,
1474 1663 1545 1705 tute
1571 1651 1698 1708 uuuuuucts
1719 1653 1794 1711 euris

136 1752 212 1796 ratam
226 1737 384 1800 conionum
401 1735 468 1793 nitati
484 1742 574 1791 tamen
596 1750 674 1805 cipue
688 1734 770 1805 turbe,
787 1749 820 1791 ac
841 1734 940 1806 lucun-
954 1729 978 1790 B
992 1730 1104 1789 adaucta
1118 1734 1273 1803 paululum,
1287 1745 1369 1807 atque
1381 1737 1503 1796 discussa
1519 1742 1545 1796 iu
1563 1741 1687 1800 ordinem
1697 1753 1796 1804 utcun-

135 1824 202 1887 rltitn
217 1838 274 1896 est,
290 1842 372 1899 otram
394 1826 494 1884 urbm
520 1826 628 1898 ipsam,
650 1825 792 1893 indolem,
819 1824 938 1898 genium,
993 1826 1200 1898 qucredegi.Si
1214 1828 1278 1900 quid
1292 1828 1319 1885 itt
1335 1829 1411 1888 bisce
1425 1832 1646 1893 ttteditatiorribns
1661 1840 1794 1898 nustriae

136 1924 323 1981 minutissima
335 1921 447 1978 demum
462 1920 580 1993 integri,
595 1929 626 1976 ut
639 1920 675 1976 lta
691 1920 796 1986 dicam,
817 1921 941 1995 corporis
991 1931 1023 1973 re
1037 1926 1081 1974 tua
1098 1932 1160 1975 esse
1174 1920 1327 1991 ridebitur,
1357 1927 1442 1982 tuteris
1469 1928 1580 1998 perinde
1601 1944 1633 1987 ac
1648 1930 1768 2004 propriis
1784 1950 1793 1990 a

138 2014 308 2074 lineamenta
331 2013 362 2070 ia
383 2012 546 2085 pervertistis
559 2011 635 2069 bisce
649 2010 816 2084 antigraphis
835 2011 940 2079 rlrtiari,
993 2009 1031 2065 tui
1046 2010 1118 2066 enim
1133 2014 1221 2073 sottus
1233 2026 1315 2071 causa
1333 2016 1507 2088 digessimus.
1529 2021 1576 2078 Sin
1593 2023 1697 2092 minus,
1710 2027 1796 2082 silcn·

134 2105 344 2179 semestrem.
363 2102 448 2175 Cttjus
466 2105 507 2160 rei
522 2116 604 2160 cansa
621 2103 685 2159 olim
700 2102 845 2177 lierttleyus
856 2101 942 2161 ioan·
993 2101 1031 2157 tio
1044 2116 1164 2172 premes.
1188 2103 1230 2161 ilc
1242 2106 1352 2178 quidem
1375 2109 1496 2178 lubente,
1512 2114 1560 2185 tpui
1584 2114 1668 2173 solam
1687 2118 1714 2173 in
1730 2100 1797 2179 trite

136 2214 201 2260 uern
223 2196 337 2257 ttllltum
355 2199 390 2255 ad
413 2197 549 2271 vulganda
570 2196 782 2254 Alexandrinum
797 2184 939 2254 Cantabri·
992 2191 1057 2262 isto,
1076 2208 1250 2268 excussoque
1262 2199 1374 2271 pulvere
1387 2204 1431 2258 tit
1448 2219 1509 2262 esse
1525 2205 1601 2263 uotis
1615 2196 1795 2281 vestigiis'l'b·

135 2294 234 2368 giunse
245 2333 254 2360 ,
265 2358 269 2366 ,
279 2291 445 2356 Oxartlcnae,
466 2290 570 2348 Gallica
590 2293 699 2348 demum
720 2291 834 2363 urgebat
849 2290 895 2355 ita,
912 2299 943 2346 ut
992 2298 1066 2355 eum,
1080 2298 1108 2343 et
1122 2290 1231 2345 nminiai
1243 2306 1314 2360 rara,
1330 2297 1556 2368 atqueertptisita
1572 2310 1695 2371 spectare
1708 2306 1797 2360 sarcu-

137 2401 172 2443 ea
186 2383 273 2441 editio
282 2383 399 2456 dagam
410 2382 521 2448 tetum,
538 2391 615 2456 utque
627 2383 715 2453 opiter
731 2381 941 2456 Exemplrmtrirr,
993 2376 1050 2433 lum
1064 2379 1180 2451 ingeniis
1193 2381 1258 2438 ielis
1276 2400 1357 2456 :quas
1377 2393 1428 2443 nos
1442 2388 1563 2458 prolecto
1580 2398 1669 2461 neuu'e
1682 2402 1794 2464 sperare

135 2472 944 2548 etiamaliahibrariiapeceolttnrertmccttrutaetreligiose
992 2472 1197 2544 nobismetipsis
1219 2477 1246 2530 ln
1269 2478 1428 2532 tenttissimo
1464 2494 1565 2548 constr,
1592 2483 1678 2540 multo
1706 2488 1796 2544 minus

136 2564 474 2642 aalammtttrllt'pirtolc
484 2565 519 2622 ati
530 2565 645 2622 uillicum
655 2583 699 2639 up.
709 2564 790 2620 Frlr.
802 2563 942 2634 braden
994 2561 1124 2619 exbibete
1138 2564 1199 2620 altis
1219 2578 1372 2637 possumus.
1388 2569 1442 2626 Sed
1455 2570 1512 2642 jam
1524 2573 1557 2628 ad
1579 2577 1717 2646 proposita
1730 2582 1797 2650 per·

138 2665 219 2722 lieet
238 2671 332 2735 postea
351 2658 529 2718 celeberrima
543 2659 589 2716 illa
609 2674 657 2715 sua
673 2659 706 2714 ll.
722 2658 754 2714 τ.
775 2658 869 2715 Grccca
884 2656 943 2714 etli-
993 2670 1101 2728 gamm.

141 2756 220 2814 rinno
232 2757 384 2825 obtentus,
399 2770 460 2812 mox
484 2756 628 2812 immaturo
639 2754 695 2810 lato
710 2759 861 2824 prereptus
871 2738 944 2807 itanc
1031 2748 1104 2805 luter
1118 2749 1315 2822 celeberrima,
1338 2767 1392 2810 aaa
1412 2757 1499 2812 solum
1519 2757 1623 2827 ltaliae,
1645 2762 1692 2818 sed
1715 2766 1798 2822 tutius

141 2850 269 2922 spartam
283 2847 345 2905 aliis
358 2846 508 2904 ornandam
522 2844 672 2918 reliquerit.
690 2842 873 2901 bruneum
885 2856 944 2899 ma·
996 2841 1111 2912 usuruuu
1130 2847 1307 2913 monasteria,
1322 2846 1390 2904 illud
1404 2849 1453 2905 ituit
1464 2866 1581 2923 semper,
1592 2864 1687 2925 estque
1702 2854 1799 2913 etiam·

137 2941 233 3012 iorum
244 2948 335 3009 acute,
352 2938 433 3013 lo'nge
444 2953 512 2996 tero
523 2937 641 3009 atrrplius
653 2935 704 2992 bac
719 2935 848 2993 nostratis
863 2934 945 2991 luerit
996 2938 1079 3002 nunc,
1098 2935 1169 3004 nuotl
1194 2936 1348 2994 braidemus
1362 2938 1603 3010 Langobardorum
1618 2958 1666 3002 rex
1685 2946 1711 3003 in
1722 2946 1800 3006 timu

138 3030 311 3104 antiquitatis
323 3044 413 3098 autor,
429 3043 462 3087 ea
473 3026 614 3085 bornicum
629 3025 719 3084 studia
740 3027 767 3082 in
782 3026 944 3098 perquircrt-
996 3034 1088 3082 uottra
1104 3040 1119 3081 a
1134 3026 1318 3086 luudantentls
1332 3033 1478 3100 excitarim
1488 3035 1547 3106 ejus
1562 3037 1677 3095 ecclesia
1696 3040 1799 3097 Serru-

139 3125 205 3194 dir,
218 3139 281 3198 gua
295 3122 418 3182 latebant
433 3121 569 3196 plurima,
588 3132 671 3193 atque
686 3121 834 3177 etiamnum
849 3119 943 3184 latent,
958 3114 981 3176 C
998 3119 1048 3174 tori
1064 3120 1163 3178 dicata.
1176 3122 1304 3189 Quamuis
1317 3136 1411 3193 postet
1434 3125 1487 3182 bac
1500 3129 1573 3199 lpsa.
1597 3136 1657 3188 nou·
1672 3133 1797 3205 equidem

142 3232 197 3291 qua
210 3219 315 3286 neris,
328 3230 381 3290 goa
392 3215 647 3288 protantsreteruut
662 3213 859 3277 monumentis,
875 3220 905 3268 ut
917 3211 945 3267 in
996 3210 1105 3268 deserta
1120 3215 1247 3282 omnino,
1264 3215 1312 3272 sed
1326 3217 1359 3273 ad
1374 3218 1486 3289 priuatae
1504 3221 1612 3291 pietatis
1625 3223 1732 3294 olllcia,
1750 3242 1800 3283 att·

140 3312 242 3368 luceru.
257 3309 328 3365 ltauc
350 3309 485 3380 publicam
507 3307 637 3365 edement
657 3324 665 3362 ι
684 3306 782 3362 mirum
798 3310 945 3377 propterca
996 3305 1108 3374 gustis,
1122 3314 1152 3361 ut
1165 3317 1248 3376 puto,
1264 3319 1345 3380 atque
1359 3311 1454 3366 umbra
1467 3312 1585 3383 piurima
1606 3314 1801 3375 intercetlcttti·

139 3403 230 3459 rideri
248 3402 345 3473 possit,
365 3401 487 3458 nondum
501 3400 611 3457 illorum
637 3415 801 3472 quemquam
824 3390 945 3471 primaevi
998 3396 1211 3466 bus,sepositt,
1234 3400 1411 3459 nobilissimae
1430 3403 1552 3475 Virgines
1565 3409 1699 3479 aptiorem
1715 3410 1798 3469 aliam

141 3497 303 3568 interpretis
323 3495 479 3552 versionem
505 3493 640 3566 integram
666 3490 833 3565 protulisse,
859 3492 946 3564 qualis
996 3491 1081 3546 sacris
1097 3491 1231 3548 lactandis
1245 3496 1399 3563 erexerint,
1427 3504 1583 3570 sanctaque
1596 3501 1672 3559 iuliae
1687 3502 1797 3563 dicarit·

141 3597 209 3644 aate
222 3586 415 3659 Hieronymum
428 3584 576 3642 terebatur.
596 3584 664 3640 Natu
686 3592 784 3655 prater
798 3583 945 3640 admirabi·
996 3583 1059 3638 rint.
1085 3583 1185 3639 Locum
1199 3584 1284 3648 bunc.
1300 3586 1418 3658 siquem
1433 3589 1526 3656 alium,
1542 3607 1603 3647 cum
1621 3596 1692 3665 regis
1711 3595 1798 3666 illitis,

141 3677 502 3738 lemiliumiudetoribcuda
516 3676 796 3750 Evangelicaltistorla
808 3685 847 3734 tot
860 3692 946 3734 oseem
997 3683 1054 3728 tum
1073 3672 1222 3742 Caesarum,
1241 3678 1287 3747 qui
1302 3692 1398 3735 euerso
1419 3680 1657 3752 longobardorum
1672 3687 1798 3758 lntpcrlo,

143 3772 236 3828 tonum
247 3785 419 3841 caritensium,
435 3770 500 3828 illud
511 3771 592 3828 etiam
608 3771 722 3842 liqueret
743 3773 873 3836 tortasse,
889 3786 943 3828 uon
997 3765 1078 3821 rebus
1101 3775 1164 3822 sutrt
1184 3769 1273 3839 potiti,
1304 3768 1461 3835 liberalitas,
1481 3781 1562 3845 atquc
1576 3777 1742 3850 induigentia
1763 3781 1799 3842 al

142 3860 495 3935 satisattentellieronyml,
509 3872 589 3934 atquc
601 3862 743 3935 Augustini
755 3864 944 3919 auctoritatem
997 3866 1085 3914 tantas
1099 3872 1165 3930 opes
1180 3870 1339 3928 erexerant,
1357 3870 1386 3917 ul
1409 3864 1435 3919 in
1449 3863 1571 3936 pluribus
1585 3868 1669 3925 ltaliae
1689 3871 1800 3942 protitu-

147 3974 248 4031 argere
258 3957 369 4025 multos,
384 3957 429 4028 otti
441 3956 473 4012 ll.
489 3955 522 4012 T.
538 3955 649 4011 Latinas
663 3955 803 4013 versiones
815 3954 945 4025 plurimas
996 3954 1047 4009 ciis
1061 3954 1226 4024 amplissima
1243 3956 1354 4026 pradia,
1375 3958 1447 4028 jura,
1473 3959 1565 4028 leuda,
1587 3965 1730 4034 ecclesias,
1744 3966 1801 4027 ²&-

143 4055 212 4109 olim
225 4052 253 4108 in
268 4050 387 4108 &cleric
403 4049 487 4107 luisse
499 4048 677 4105 arbitrantur.
699 4048 774 4107 Adeo
789 4048 817 4105 irt
839 4049 943 4121 paucis,
996 4062 1111 4119 rumque
1124 4048 1274 4105 sacerdotia
1298 4051 1477 4120 possiderent.
1499 4054 1620 4125 Quorum
1631 4049 1719 4118 lamen
1734 4056 1798 4135 pira

143 4154 174 4203 et
190 4142 300 4216 quidem
315 4140 400 4199 verbo
421 4149 513 4208 leurs,
528 4135 659 4196 dilierurit
683 4140 754 4196 intcr
778 4155 809 4196 se
835 4139 943 4197 cotlices
996 4139 1123 4208 maxima,
1141 4148 1224 4197 utest
1238 4143 1357 4199 conditio
1373 4158 1462 4201 rernm
1477 4144 1669 4220 humanarum,
1686 4154 1712 4207 in
1727 4152 1796 4212 tilios

144 4238 324 4304 venustiorem
339 4251 434 4300 unum,
459 4244 506 4290 aut
520 4236 635 4291 altorum
657 4234 680 4289 si
698 4234 803 4301 demas,
818 4246 944 4303 ouosaut
996 4247 1057 4288 mox
1077 4244 1158 4306 atque
1178 4235 1246 4291 alios
1273 4236 1387 4308 dilapsa,
1412 4239 1503 4297 titulus
1528 4250 1631 4299 tantum
1657 4262 1689 4304 ac
1712 4246 1795 4307 docu-

145 4333 254 4389 licentia
280 4330 469 4402 pritatorum,
495 4335 543 4383 aul
575 4324 748 4400 ignorantia,
782 4325 943 4399 quaudoque
995 4334 1085 4383 menta
1101 4336 1208 4385 veteres
1230 4329 1470 4389 dominosltabere
1487 4335 1579 4406 jussit.
1606 4338 1672 4395 llum
1699 4354 1797 4411 practer

142 4423 227 4482 etiam
255 4423 343 4494 pletas
372 4418 524 4476 inconsulta
548 4420 625 4475 miris
650 4417 737 4474 modis
762 4417 942 4488 interpolavit.
995 4420 1149 4492 apographa
1174 4421 1304 4478 liesitlerli
1328 4432 1356 4479 et
1378 4424 1507 4500 ddclgisi,
1529 4427 1674 4499 superstmt
1707 4434 1797 4494 udlrttc

144 4515 223 4573 Adde
235 4512 364 4588 cymeliis
387 4513 462 4570 bisce
484 4513 558 4569 nullu
573 4511 627 4568 alio
639 4511 754 4567 consilio
767 4511 883 4584 prospici
898 4526 942 4568 sc·
955 4510 982 4570 lt
993 4511 1158 4583 autographa
1183 4512 1240 4582 ipsa
1264 4523 1386 4572 reiorum
1413 4518 1605 4588 imperatorum
1629 4518 1794 4597 diplomata,

143 4608 249 4674 utrius,
268 4617 298 4662 ut
310 4623 345 4664 ne
360 4614 492 4663 rmusute
505 4604 668 4670 dilabuntur,
684 4605 796 4674 quamsi
812 4604 883 4676 typis
894 4621 944 4660 ex·
997 4605 1094 4675 quibus
1108 4614 1213 4676 neptes,
1225 4606 1303 4674 llllas,
1321 4623 1430 4666 sororcs
1445 4612 1500 4667 lieo
1511 4610 1546 4671 ibi
1561 4628 1679 4674 sacratas
1691 4621 1795 4677 bcuc'li·

143 4715 210 4756 cusa
225 4711 367 4756 uersentur
382 4699 410 4753 itt
424 4697 549 4753 matribus
563 4697 701 4762 oumium;
718 4710 853 4766 nunquam
866 4695 943 4751 deiu-
996 4694 1046 4752 ciis
1060 4695 1215 4768 ingentibus
1235 4708 1296 4755 stmt
1313 4703 1458 4771 prosecuti.
1484 4704 1553 4762 'lum
1571 4706 1795 4782 subsequentium

144 4807 210 4863 ceps
218 4791 271 4847 nisi
280 4804 344 4848 coar
354 4787 455 4845 litteris
468 4787 697 4861 ipsisittteritura.
709 4785 861 4859 Utcutttqtte
869 4789 942 4843 enim
995 4786 1151 4856 easaruu,
1166 4788 1247 4844 ctiam
1263 4789 1433 4850 invictissimi
1453 4797 1565 4870 Augusti
1578 4800 1669 4858 Catroli
1694 4802 1729 4863 tlt
1742 4792 1797 4868 ''t‘e-

143 4894 191 4940 aut
207 4884 235 4941 in
250 4882 359 4941 scriniis
373 4881 554 4952 privatarum,
571 4890 618 4937 aut
632 4879 660 4936 itt
681 4879 852 4936 bibliotltccis
865 4879 942 4951 prirt·
995 4891 1113 4949 guttrque
1128 4878 1264 4952 llispanicc
1280 4885 1423 4956 rescripta,
1438 4887 1536 4958 cuibus
1548 4903 1642 4948 carum
1654 4896 1796 4975 priuilegia

144 4976 236 5049 ripum
250 4974 457 5046 diligentissime
479 4973 606 5038 serratis,
619 4980 772 5029 caracteres
786 4983 876 5028 tamen
889 4973 941 5044 ipsi
996 4973 1023 5028 in
1037 4972 1139 5030 ditione
1152 4973 1344 5059 ilcdlolaneusl
1361 4978 1509 5036 brmantur.
1526 4983 1631 5042 eurora
1647 4990 1719 5048 enim
1733 4978 1794 5052 utn-

145 5069 210 5137 situ,
223 5068 317 5134 tinuit,
333 5068 452 5138 putrere,
472 5067 520 5123 scd
535 5065 666 5123 edacitate
689 5063 859 5136 potissimum
873 5072 943 5122 tcttt·
996 5064 1040 5121 nia
1051 5066 1179 5137 majestas
1189 5067 1318 5140 principis
1330 5068 1451 5126 rtostri'in
1463 5072 1795 5143 ttitclam'cleritetutls'sillte

146 5162 221 5230 puris
240 5168 417 5218 evanescunt.
433 5158 474 5216 Er
492 5172 548 5232 quo
562 5158 593 5216 lit
612 5170 654 5225 ιιι,
669 5174 730 5230 pua
743 5174 808 5225 ttnn,
822 5159 942 5218 alterare
996 5158 1107 5228 recepit.
1123 5157 1248 5214 Veterum
1259 5160 1391 5230 praeterea
1406 5158 1623 5226 meltibra'aurum
1638 5162 1733 5247 lupus
1743 5162 1794 5234 ''cd-

147 5255 247 5313 ωηο
267 5253 379 5325 elapsis,
394 5253 447 5326 legi
462 5268 516 5310 uon
531 5253 700 5310 incommode
719 5263 855 5324 poterant,
870 5268 944 5310 tinne
997 5250 1056 5320 pla,
1082 5249 1108 5304 in
1131 5250 1229 5319 cuibus
1250 5248 1362 5306 donaria
1385 5242 1570 5326 priuatorum,
1597 5252 1792 5340 etitpbitbuses,

151 5344 455 5419 limentibulioeia
473 5344 529 5412 rit,
544 5359 577 5401 ac
599 5358 635 5401 tre
647 5346 690 5401 tia
706 5345 813 5416 tpuident
838 5346 943 5403 sccerni
997 5341 1158 5412 emptiones,
1183 5342 1369 5411 uenditionem
1394 5359 1492 5406 laelela
1513 5352 1621 5410 (1111111111
1636 5348 1669 5412 111
1678 5346 1796 5437 'ditiviis-

149 5448 258 5513 quum
273 5438 352 5507 Quod
368 5440 489 5510 protecto
511 5437 539 5494 in
552 5437 604 5493 boc
616 5447 710 5493 nostro
726 5436 825 5492 lactum
839 5437 872 5492 irl
892 5438 944 5493 ali·
997 5437 1057 5493 timi
1073 5435 1126 5492 loci
1138 5435 1258 5494 ‘rationes
1268 5440 1428 5509 pertinentia
1445 5461 1451 5497 :
1466 5451 1521 5501 tum
1537 5462 1597 5520 quac
1607 5464 1707 5520 moros,
1722 5438 1795 5529 acta,

147 5536 325 5609 quandum
346 5534 453 5594 dubito.
468 5533 575 5592 alicubi
590 5533 675 5599 euim,
689 5533 716 5589 ln
738 5533 946 5604 Lucaeprmser.
999 5529 1087 5601 leges,
1109 5527 1208 5597 iudicia
1230 5529 1338 5585 illorum
1362 5538 1526 5603 temporum,
1552 5545 1703 5606 prasertim
1727 5540 1796 5608 reru

148 5631 207 5697 tirn,
216 5642 334 5702 purpura
342 5629 389 5685 tlla
399 5628 426 5686 itt
437 5627 720 5696 coeruleum,cuntpuc
729 5638 843 5695 opacum
858 5633 946 5680 trans·
1000 5623 1131 5693 glossaria
1155 5621 1276 5680 barbaras
1299 5621 1440 5680 latinitatis
1455 5640 1555 5720 augore
1576 5632 1719 5701 plurimum
1731 5650 1796 5713 poe

148 5733 244 5793 cunta,
254 5722 361 5801 glutine
371 5737 439 5781 uero
451 5730 591 5798 argenteo,
604 5716 704 5794 quoliti
718 5716 825 5776 lucraul
835 5716 947 5776 charac-
1000 5715 1065 5774 siut.
1083 5713 1117 5771 lit
1130 5714 1231 5771 utittant
1247 5714 1416 5772 documentis
1429 5716 1500 5786 aliis,
1516 5734 1577 5794 «puae
1591 5724 1644 5785 illic
1657 5736 1799 5804 superesse
