3810 6144
172 193 226 255 295
422 190 562 254 adsultu
580 190 750 253 naucum.
769 192 999 256 uvauuullutt
1019 195 1091 255 cult
1111 195 1226 258 tultus
1242 194 1321 256 COD.
1340 191 1537 257 mutaturi.
1766 194 1819 253 atu

367 308 774 390 maur-ruucmurusrs.
1233 308 1350 372 cunct
1368 288 1596 372 mnnurusrs.

171 404 401 467 lesuszlleddite
587 413 679 462 autern
694 405 782 459 amni·
1021 404 1184 462 itlislesus:
1440 412 1469 461 et
1484 404 1581 460 mulier

172 495 243 553 quae
256 487 321 536 sunt
332 477 400 534 llae-
588 491 634 531 um
649 484 678 533 et
688 475 787 532 mulier
1021 474 1136 533 Reddite
1145 490 1214 547 quae
1440 474 1566 532 defuncta
1579 484 1632 531 est.

173 552 253 620 saris,
267 550 367 606 Caesa·
588 545 714 603 deiuncta
725 553 778 602 est.
1021 553 1086 603 suut
1104 545 1245 615 Caesaris,
1440 546 1486 602 28.
1498 546 1526 602 ln
1539 546 1715 606 ressurectic

51 665 56 673 .
85 643 89 650 ·
172 621 208 684 ri,
222 631 249 678 et
262 627 407 690 quaesunt
587 617 633 675 28.
653 618 693 673 ln.
716 659 724 673 .
746 658 753 671 .
773 632 831 674 sur.
853 654 860 671 .
883 657 890 672 .
913 658 920 672 .
1020 615 1141 682 Caesari,
1154 628 1182 676 et
1195 633 1266 690 quae
1442 631 1477 673 ue
1489 628 1578 674 autem

172 693 219 748 22.
240 690 378 758 Deillec.
393 689 471 747 titil-
589 727 598 743 .
637 729 645 746 .
686 729 693 743 .
733 728 741 743 .
781 730 789 746 .
830 727 837 744 .
878 726 885 743 .
1021 689 1159 759 suutllei,
1441 688 1584 757 cuiuserit

173 763 193 820 li
205 762 346 821 audientes
1021 757 1067 814 ἥ.
1089 760 1155 816 Deo.
1170 759 1205 815 Et
1223 758 1262 816 illi
1441 761 1527 816 uxori
1539 772 1584 816 sc·

174 875 183 894 .
205 877 211 890 .
234 873 242 891 .
264 875 271 890 .
293 871 302 889 .
322 873 330 888 .
350 831 445 902 isunt,
1021 830 1165 887 audientes
1181 831 1271 888 mirati
1440 840 1514 901 ptem
1535 831 1608 887 enim

174 945 301 964 .....
323 914 351 960 ιο
362 917 397 962 ec
1021 909 1096 970 sunt,
1110 911 1138 958 et
1150 901 1216 958 reli-
1440 915 1502 958 eam
1516 902 1680 959 babuerunt.

174 1017 183 1033 .
205 1019 212 1035 .
234 1018 242 1036 .
264 1019 272 1033 .
291 985 353 1033 uut.
1021 972 1257 1031 etcecnbieruut.
1439 972 1485 1029 29.
1495 973 1683 1045 Respondeas.

172 1050 209 1108 23
211 1086 397 1108 .......
417 1045 462 1105 die
473 1058 520 1103 ac·
1022 1044 1069 1101 25.
1087 1044 1117 1100 ln
1132 1043 1234 1103 illudio
1441 1043 1538 1111 lesus,
1553 1047 1591 1101 ait

173 1136 189 1178 c
210 1162 217 1177 .
240 1127 348 1177 .eruut
1022 1124 1197 1173 accesserunt
1442 1115 1514 1171 illis:
1529 1116 1648 1185 Erratis,

173 1192 207 1249 ad
220 1207 282 1249 curn
295 1189 364 1248 Sad-
1023 1186 1132 1244 adeum
1148 1186 1217 1244 Sad·
1442 1187 1598 1245 nescientes
1615 1187 1686 1245 Scri·

173 1261 342 1333 ducaei,qui
822 1255 829 1268 ’
866 1286 879 1299 -
1023 1256 1130 1325 ducaei,
1150 1257 1195 1328 qui
1441 1267 1650 1332 ptums,neque

175 1333 338 1392 dicuntnon
589 1328 761 1399 tesScriqtu·
1024 1327 1184 1385 dicuutnon
1442 1329 1571 1386 virtutem

172 1420 235 1464 esse
246 1419 338 1462 resur-
589 1414 645 1464 ras,
659 1413 748 1471 neque
1024 1414 1086 1457 esse
1095 1413 1217 1458 resurre-
1441 1400 1488 1458 tu.
1508 1401 1566 1458 bei.
1580 1402 1610 1457 ln
1624 1416 1665 1460 re

173 1476 339 1542 rectionem;
590 1471 718 1528 virtutem
731 1470 790 1528 bei.
1023 1473 1193 1538 ctionem3et
1442 1474 1614 1530 surrectione

56 1544 58 1549 ’
174 1557 204 1605 et
220 1548 337 1605 interro·
590 1541 637 1598 30.
656 1542 835 1599 luresurrec·
1024 1543 1262 1615 intermqamrunt
1442 1551 1533 1600 autem
1547 1559 1636 1616 neque

191 1627 308 1676 averunt
590 1614 698 1689 tionem
705 1612 780 1670 enim
1024 1629 1087 1671 eum
1100 1614 1221 1671 dicentes
1237 1632 1244 1669 :
1442 1613 1565 1682 nubunt,
1582 1631 1670 1686 neque

211 1686 408 1746 .eumdicett·
1024 1685 1283 1770 llaqister,llcyses
1441 1700 1542 1744 uteres
1555 1686 1673 1770 ducunt:

172 1769 215 1819 tes
228 1778 236 1817 ι
248 1759 342 1832 llaqis·
1024 1757 1113 1815 dratt:
1127 1756 1155 1813 Sr
1169 1772 1232 1828 quus
1441 1756 1490 1813 sed
1501 1767 1565 1813 suut
1576 1767 1648 1814 sicut

172 1840 224 1901 ter,
237 1831 281 1889 ile
300 1845 345 1889 scs
1024 1835 1148 1884 mortuus
1162 1827 1221 1884 lue-
1443 1827 1482 1900 (u)
1497 1843 1530 1884 an
1549 1829 1585 1885 eli
1605 1828 1627 1900 †

173 1902 244 1960 dixit
259 1921 266 1957 ε
282 1847 310 1961 {r
322 1902 383 1972 quis
511 1905 515 1912 ”
670 1969 676 1982 ·
1023 1899 1062 1982 rit
1074 1912 1129 1956 nen
1143 1897 1248 1955 babens
1443 1899 1472 1954 in
1486 1913 1534 1956 cae
1545 1915 1572 1957 ο.

172 1981 298 2031 mortuus
310 1973 369 2031 lue-
681 2010 688 2024 .
711 2007 719 2023 ·
742 2010 749 2024 .
772 2009 780 2024 .
1024 1970 1126 2026 illrum:
1141 1968 1231 2028 utdu·
1444 1970 1490 2053 δῇ.
1508 1972 1545 2028 ue
1560 1986 1681 2030 resurre-

172 2044 209 2103 rit
221 2060 275 2102 nou
286 2044 335 2101 ba·
1025 2048 1069 2126 cat
1083 2039 1167 2098 irater
1444 2049 1640 2101 ctmueautem

127 2139 128 2142 ’
1024 2127 1213 2242 tlltlit‘tt
1443 2123 1614 2242 tttlltlt

1022 2201 1210 2340 ¹scitet’semeu
1442 2256 1504 2324 quia
1518 2201 1620 2315 (iugatum

1022 2326 1265 2457 &filiium
1441 2328 1610 2456 litati,

1022 2478 1153 2541 aputnos
1247 2556 1254 2569 .
1442 2467 1559 2526 bibis:
1573 2469 1632 2544 Ege

1022 2540 1255 2682 ἓῗρριξὶῗὶηιξὲἴω
1441 2538 1596 2681 Ηῖιτιέὴπω,
1611 2624 1640 2671 et

42 2672 49 2679 ¹
169 2684 217 2740 att.
235 2697 322 2741 uxore
334 2682 401 2738 duc·
1023 2698 1109 2742 uxore
1121 2683 1221 2750 ducta,
1442 2681 1513 2740 Deus
1531 2682 1607 2753 lsac,

170 2763 209 2822 ta,
228 2754 373 2812 delunclut
1022 2752 1165 2812 deiunctus
1179 2764 1223 2813 est
1441 2762 1469 2809 et
1479 2755 1550 2811 [leus
1561 2755 1664 2813 Jacob?

171 2834 279 2884 estnon
291 2827 341 2881 lra-
803 2892 805 2896 ¹
1023 2838 1118 2883 seuseu
1135 2842 1189 2883 non
1443 2825 1489 2882 53.
1503 2825 1563 2883 Nun
1576 2835 1619 2884 est

87 2960 90 2967 ,
168 2897 240 2956 bens
252 2911 360 2964 semen,
1023 2894 1143 2965 babens,
1156 2894 1271 2968 reliquid
1443 2896 1516 2954 Deus

170 2968 285 3040 reliquid
299 2982 368 3025 uxe-
1022 2981 1136 3024 uxorem
1151 2983 1228 3024 suam
1369 3031 1373 3039 ,
1443 2976 1625 3039 mortuorum,

170 3054 316 3096 rcmsuarrr
1021 3036 1101 3093 fratri
1115 3053 1176 3094 suo.
1442 3038 1664 3099 sedvirentiunr.

169 3110 217 3168 26.
237 3109 315 3167 lratri
326 3123 386 3167 sue.
402 3108 446 3167 Si·
1022 3106 1070 3165 26.
1083 3108 1215 3167 Similiter
1224 3123 1267 3167 se·
1444 3108 1479 3165 llt
1492 3125 1556 3168 curn

170 3181 340 3239 militares·
362 3219 400 3237 ..
961 3227 964 3231 .
1023 3178 1142 3248 cundua,
1158 3188 1186 3238 et
1442 3180 1569 3239 audirent

170 3251 232 3320 dus,
246 3260 275 3309 et
288 3253 365 3310 terti.
589 3250 635 3314 55.
656 3248 754 3306 bantur
765 3246 794 3304 iu
805 3245 898 3306 dec'
1022 3252 1137 3318 tertius,
1152 3265 1238 3324 usque
1443 3254 1539 3310 turbae
1552 3253 1719 3329 mirabantur
1755 3316 1762 3329 ,

170 3338 213 3392 us,
230 3322 358 3406 usquead
589 3321 658 3377 trina
669 3320 740 3392 eius.
1021 3320 1058 3378 ad
1069 3337 1100 3378 se
1120 3323 1227 3408 tirsum.
1441 3338 1524 3394 super
1532 3324 1684 3412 doctrinam
1699 3327 1772 3402 eius.

167 3401 386 3523 ululant
1021 3391 1245 3523 {ludibili
1441 3395 1707 3526 mmm.

383 3601 498 3662 CODEX
518 3600 759 3660 cotuatensis.
1257 3599 1375 3660 ttondit
1393 3601 1590 3661 BilleANUS.

170 3699 250 3757 lesus
274 3717 282 3755 c
308 3696 424 3755 Reddite
449 3711 519 3768 quae
544 3694 669 3752 Caesaris
686 3702 760 3761 surrt,
793 3693 922 3765 Caesari,
946 3705 975 3753 et
1024 3696 1114 3753 iesus.
1127 3695 1242 3754 lleddite
1256 3711 1321 3769 erqo
1332 3712 1402 3764 quae
1414 3706 1477 3752 sum
1490 3696 1627 3754 Caesaris.
1648 3695 1769 3754 Caesari.
1798 3709 1830 3756 et

169 3785 240 3842 quae
256 3770 303 3826 liei
323 3777 397 3834 sunt,
412 3768 481 3824 Deo.
499 3768 533 3823 Et
546 3768 688 3824 audientes
709 3766 798 3823 mirati
830 3776 918 3832 suut,
945 3775 974 3823 et
1024 3778 1169 3837 quaesunt
1182 3769 1239 3823 uei.
1253 3769 1319 3824 Deo.
1333 3769 1368 3824 ut
1385 3768 1527 3824 audientes
1559 3769 1648 3825 mirati
1662 3779 1726 3825 sunl
1740 3777 1829 3827 etre-

169 3840 315 3898 relictcec
333 3848 518 3896 recesserunt.
538 3837 568 3895 ln
584 3839 630 3894 illa
658 3837 703 3894 die
737 3849 913 3894 accesserunt
937 3837 973 3894 ad
1024 3839 1143 3896 lictceu.
1156 3838 1327 3896 abieruntln
1339 3839 1383 3895 illa
1395 3839 1625 3898 dieacccsserunt
1636 3839 1744 3898 adeum
1759 3840 1828 3898 Sad-

170 3926 233 3969 eum
253 3909 415 3976 Sadducaei,
441 3917 570 3981 negantes
590 3907 819 3966 resurrectionem
849 3920 973 3966 mortuo·
1022 3909 1118 3966 ducaei
1127 3910 1173 3981 qui
1182 3910 1276 3966 dicunt
1289 3925 1342 3966 non
1353 3925 1417 3967 esse
1429 3910 1671 3968 resurrectionem.
1694 3920 1723 3968 et
1743 3911 1828 3968 inber·

171 3997 248 4044 tum:
272 3989 302 4039 et
322 3980 451 4037 dixerunt
468 3981 494 4036 ei
521 3998 528 4035 :
552 3979 592 4035 lla
613 3981 688 4042 ister.
714 3982 722 4013 ¹
743 3980 850 4053 Moyses
873 3980 940 4036 dicit
964 3996 972 4034 a
1023 3982 1407 4066 rogaverunteumdicentcs.
1423 3983 1559 4053 Magister.
1582 3982 1689 4054 lluytes
1702 3983 1779 4039 dixit
1795 3982 1827 4041 si

172 4049 489 4122 Siquismertuusluerit
502 4067 556 4105 nnn
567 4049 602 4107 ba
640 4051 777 4120 ns¹llli0s,
785 4061 815 4107 ut
825 4051 975 4122 lraterejus
1024 4069 1085 4122 quus
1096 4062 1220 4109 mortuus
1235 4052 1393 4110 lucrinum
1405 4052 1510 4110 babens
1522 4054 1592 4109 lilius
1607 4065 1637 4108 ut
1648 4053 1731 4110 ducat
1738 4054 1825 4111 lraler

173 4139 288 4180 urrerem
306 4122 381 4179 illius
404 4123 530 4193 accipiat,
542 4133 572 4179 et
584 4123 698 4179 suscitet
711 4138 804 4179 semen
822 4123 899 4179 lratri
911 4138 971 4178 suo.
1025 4124 1085 4193 eius
1107 4138 1221 4180 uxerem
1247 4124 1331 4180 illius.
1354 4134 1383 4181 et
1406 4125 1520 4181 suscitet
1540 4139 1635 4181 semen
1657 4125 1735 4181 tratri
1759 4139 1822 4180 suu.

172 4194 259 4251 Erant
271 4193 417 4265 erquapud
439 4208 489 4248 trus
502 4204 605 4263 septem
617 4191 726 4260 iratres3
738 4195 892 4264 etprimus,
906 4208 973 4250 utto-
1023 4194 1109 4250 Erant
1129 4205 1222 4252 autern
1242 4206 1308 4321 refut
1327 4209 1388 4251 nos.
1408 4206 1512 4266 sentem
1535 4196 1643 4252 iratres.
1667 4206 1696 4252 et
1719 4197 1824 4265 primus

170 4281 229 4322 rem
242 4265 330 4334 duait,
350 4274 378 4322 et
390 4264 536 4321 deiunctus
560 4272 603 4320 est
624 4278 679 4320 nen
702 4266 799 4322 relicte
813 4265 930 4331 semine,
945 4273 975 4321 et
1024 4281 1110 4322 uxore
1135 4267 1227 4323 ducta.
1270 4265 1396 4323 eiunctus
1417 4276 1460 4322 est
1483 4275 1511 4323 et
1529 4281 1583 4323 neu
1603 4265 1709 4324 habeus
1726 4282 1823 4323 semen

173 4337 284 4408 reliquit
299 4351 410 4392 uxorem
425 4335 587 4392 suamiratri
602 4350 663 4393 suo.
677 4335 811 4393 Similiter
824 4344 853 4391 et
874 4349 973 4392 secun-
1024 4336 1134 4407 reliquit
1148 4352 1264 4395 uxerem
1279 4352 1355 4395 suam
1371 4337 1447 4394 iratri
1461 4352 1522 4394 suu.
1535 4339 1670 4395 Similiter
1683 4349 1774 4394 autem
1794 4348 1825 4393 et

170 4406 234 4477 dus,
249 4418 277 4464 et
290 4409 398 4474 tertius,
411 4422 499 4477 usque
522 4406 556 4464 ad
580 4408 737 4477 septimum.
757 4406 910 4462 Novissima
923 4421 973 4463 au-
1025 4408 1170 4465 secundus.
1191 4419 1220 4465 et
1235 4408 1330 4465 tertius
1345 4408 1478 4480 usquead
1493 4411 1639 4480 septimum
1654 4409 1827 4465 [levissimas

171 4487 226 4535 tem
240 4478 361 4534 omnium
373 4478 508 4535 etmulier
520 4477 648 4535 deluucta
663 4488 715 4534 est.
728 4477 757 4533 ln
772 4478 973 4535 resurrectione
1023 4487 1115 4535 :autem
1136 4480 1258 4536 omniurn
1273 4488 1303 4536 et
1317 4481 1415 4537 mulier
1427 4478 1554 4536 defuncta
1567 4489 1620 4536 est.
1639 4479 1670 4535 ln
1684 4495 1829 4537 resurrrec-

170 4564 237 4623 erqu
255 4548 436 4620 cnjuseritde
448 4559 552 4618 sentem
568 4549 656 4604 trxrtrl
668 4564 764 4606 omnes
777 4551 850 4606 enlm
870 4548 973 4606 babue-
1024 4553 1098 4606 lione
1111 4566 1188 4623 erqo.
1204 4553 1284 4621 cuius
1297 4550 1332 4606 de
1346 4561 1460 4622 sentem.
1478 4553 1533 4608 erit
1546 4565 1614 4606 trxor
1632 4566 1732 4606 orrrnes
1751 4553 1827 4607 euim

169 4631 235 4678 runt
246 4635 318 4677 eam.
331 4619 510 4691 Respondent
523 4628 615 4675 autem
637 4619 728 4684 lesus,
749 4622 786 4676 ait
802 4620 872 4677 illis:
888 4620 973 4676 Erra—
1024 4618 1178 4679 babuerunt
1196 4637 1268 4678 eam.
1293 4622 1472 4691 Respondeus
1490 4634 1581 4679 autern
1600 4621 1680 4678 lesus
1699 4621 1742 4677 ait
1759 4622 1828 4678 illis.

169 4694 216 4760 tis,
239 4693 394 4749 rrescientes
419 4690 584 4760 Scripturas,
609 4707 699 4762 neque
713 4693 841 4748 virtutem
866 4692 925 4747 bei.
941 4691 970 4747 ln
1025 4690 1131 4748 Erratis
1152 4694 1307 4750 rreseieutes
1326 4693 1491 4750 Scribturas.
1512 4708 1603 4764 neque
1617 4695 1747 4749 uirtutem
1764 4694 1827 4750 uei.

168 4765 373 4821 resurrectione
385 4763 459 4818 euim
473 4776 562 4831 neque
575 4763 690 4832 nubent,
705 4779 795 4836 neque
809 4764 968 4820 nubentur:
1023 4763 1053 4819 lu
1069 4766 1271 4821 resurrectione
1284 4765 1368 4821 enim.
1386 4781 1474 4849 neque
1486 4766 1589 4821 nubent
1610 4777 1700 4835 neque
1720 4763 1830 4820 nubem

168 4833 293 4893 sedsunt
312 4835 386 4891 sicut
404 4833 493 4906 anqeli
507 4831 556 4889 Dei
571 4833 598 4888 iu
618 4834 699 4903 emin..
716 4834 756 4890 lle
767 4835 971 4891 resurrectione
1028 4844 1081 4890 tur.
1097 4835 1147 4892 sed
1161 4844 1226 4891 sum
1239 4837 1310 4892 sicut
1328 4835 1419 4908 angeli
1432 4853 1460 4892 m
1473 4837 1560 4892 caele
1574 4836 1612 4892 lle
1623 4837 1829 4893 resurreetione

170 4915 262 4961 autera
276 4916 445 4963 mortuorum
457 4920 511 4961 non
523 4902 627 4976 legistis
636 4903 709 4973 qued
719 4903 822 4961 dictum
832 4914 901 4961 esta
916 4903 974 4961 ileo
1028 4915 1119 4964 autem
1143 4918 1314 4964 mortuorum
1334 4922 1388 4965 nun
1408 4908 1512 4979 legistis
1530 4906 1602 4979 quud
1622 4903 1727 4963 dictum
1746 4913 1828 4962 esta

170 4973 279 5031 dicente
287 4977 365 5032 rubis
374 4994 381 5030 ε
390 4976 447 5046 lugo
456 4990 518 5034 sum
528 4975 600 5032 licus
611 4973 761 5044 Abrabam,
770 4975 872 5032 etllcus
885 4973 972 5044 lsaac,
1028 4977 1084 5034 ileu
1098 4979 1206 5035 dicente
1218 4979 1307 5036 vobis.
1323 4979 1381 5051 Eqa
1395 4994 1456 5035 sum
1470 4979 1543 5035 usus
1556 4976 1693 5034 Abrabam
1708 4985 1739 5034 et
1754 4977 1831 5034 beas

170 5053 200 5102 et
215 5044 287 5102 Deus
299 5045 468 5105 iacobillcn
482 5054 525 5105 est
539 5047 609 5104 Deus
619 5056 800 5116 mortuorunt,
813 5046 825 5079 ⁸
837 5046 887 5104 sed
896 5046 972 5103 rire·
1026 5046 1101 5105 lsaae
1111 5059 1139 5105 et
1145 5050 1218 5107 Deus
1227 5048 1377 5107 Jacubllcn
1387 5058 1430 5107 est
1438 5051 1507 5107 Deus
1518 5055 1685 5106 ntertuorum
1694 5048 1830 5107 teduino-

170 5131 242 5174 rum.
250 5116 286 5199 Et
292 5115 446 5174 audientest
457 5119 541 5177 urbae
552 5118 722 5176 mirabantur
730 5118 759 5176 in
768 5117 972 5192 doctrinaejus.
1026 5120 1286 5178 rurn.i2taudientes
1300 5117 1829 5193 turbaenirabanturiudoctriuaeim.

205 5187 347 5246 Pharisaei
360 5198 451 5246 auteur
465 5189 608 5249 audlentes
1061 5191 1201 5248 Pharisaei
1211 5200 1304 5249 autem
1315 5190 1459 5250 audientes

512 5300 710 5364 vementes
729 5296 1068 5367 tmlluuusuoulcls
1084 5304 1141 5364 MS.
1162 5303 1192 5363 S.
1212 5304 1470 5366 cuulttultttslS.

200 5411 444 5544 :mmm
458 5475 589 5532 mmm
601 5480 667 5532 sim
718 5467 720 5469 ,
1059 5419 1212 5474 ¹sedileus
1222 5421 1366 5476 urentium.

828 5587 1015 5648 taunucultil
1032 5589 1148 5651 NOTAE.

210 5694 251 5775 (α)
265 5697 330 5765 Poll
342 5701 434 5778 dnqeli
447 5703 526 5766 deest
538 5704 602 5778 liei,
618 5705 701 5767 etiam
717 5705 744 5765 iu
757 5704 820 5765 cod.
832 5707 910 5766 cant.
