<?xml version="1.0" encoding="UTF-8"?>
<!DOCTYPE html PUBLIC "-//W3C//DTD XHTML 1.0 Transitional//EN"
    "http://www.w3.org/TR/xhtml1/DTD/xhtml1-transitional.dtd">
<html xmlns="http://www.w3.org/1999/xhtml" xml:lang="en" lang="en">
 <head>
  <title>
</title>
<meta http-equiv="Content-Type" content="text/html;charset=utf-8" />
  <meta name='ocr-system' content='tesseract 3.04.00' />
  <meta name='ocr-capabilities' content='ocr_page ocr_carea ocr_par ocr_line ocrx_word'/>
</head>
<body>
  <div class='ocr_page' id='page_1' title='image "./patrologiaecurs44unkngoog_0244.png"; bbox 0 0 3810 6144; ppageno 0'>
   <div class='ocr_carea' id='block_1_1' title="bbox 140 224 1269 299">
    <p class='ocr_par' dir='ltr' id='par_1_1' title="bbox 140 224 1269 299">
     <span class='ocr_line' id='line_1_1' title="bbox 140 224 1269 299; baseline -0.001 -3"><span class='ocrx_word' id='word_1_1' title='bbox 140 238 191 297; x_wconf 87' lang='lat' dir='ltr'>ur</span> <span class='ocrx_word' id='word_1_2' title='bbox 568 224 571 229; x_wconf 85' lang='lat'>&#39;</span> <span class='ocrx_word' id='word_1_3' title='bbox 623 237 848 299; x_wconf 79' lang='grc' dir='ltr'>ιιιιιιιιιιιιιιι</span> <span class='ocrx_word' id='word_1_4' title='bbox 867 236 1056 298; x_wconf 82' lang='lat' dir='ltr'>secuuouu</span> <span class='ocrx_word' id='word_1_5' title='bbox 1074 235 1269 295; x_wconf 82' lang='lat' dir='ltr'>reatuum.</span> 
     </span>
    </p>
   </div>
   <div class='ocr_carea' id='block_1_2' title="bbox 332 349 1558 415">
    <p class='ocr_par' dir='ltr' id='par_1_2' title="bbox 332 349 1558 415">
     <span class='ocr_line' id='line_1_2' title="bbox 332 349 1558 415; baseline -0.005 -2"><span class='ocrx_word' id='word_1_6' title='bbox 332 354 447 413; x_wconf 70' lang='lat' dir='ltr'>deunx</span> <span class='ocrx_word' id='word_1_7' title='bbox 465 352 735 415; x_wconf 78' lang='lat' dir='ltr'>vuecetteusts.</span> <span class='ocrx_word' id='word_1_8' title='bbox 1196 349 1313 409; x_wconf 72' lang='grc' dir='ltr'><strong>(ὌΒΕΙ</strong></span> <span class='ocrx_word' id='word_1_9' title='bbox 1333 349 1558 409; x_wconf 65' lang='lat' dir='ltr'>venesensis.</span> 
     </span>
    </p>
   </div>
   <div class='ocr_carea' id='block_1_3' title="bbox 137 444 1803 4063">
    <p class='ocr_par' dir='ltr' id='par_1_3' title="bbox 138 444 1468 517">
     <span class='ocr_line' id='line_1_3' title="bbox 138 444 1468 517; baseline 0.001 -19"><span class='ocrx_word' id='word_1_10' title='bbox 138 445 203 501; x_wconf 85' lang='lat' dir='ltr'>truie</span> <span class='ocrx_word' id='word_1_11' title='bbox 215 446 317 502; x_wconf 89' lang='lat' dir='ltr'>mundo</span> <span class='ocrx_word' id='word_1_12' title='bbox 332 464 338 500; x_wconf 93' lang='lat'><strong>:</strong></span> <span class='ocrx_word' id='word_1_13' title='bbox 553 444 612 501; x_wconf 83' lang='lat' dir='ltr'>lion</span> <span class='ocrx_word' id='word_1_14' title='bbox 628 458 698 500; x_wconf 89' lang='lat' dir='ltr'>sum.</span> <span class='ocrx_word' id='word_1_15' title='bbox 898 464 913 479; x_wconf 81' lang='lat'>.,</span> <span class='ocrx_word' id='word_1_16' title='bbox 984 445 1086 502; x_wconf 91' lang='lat' dir='ltr'>mundo</span> <span class='ocrx_word' id='word_1_17' title='bbox 1100 463 1107 501; x_wconf 92' lang='lat'>:</span> <span class='ocrx_word' id='word_1_18' title='bbox 1122 461 1174 517; x_wconf 79' lang='lat' dir='ltr'>ego</span> <span class='ocrx_word' id='word_1_19' title='bbox 1189 467 1191 472; x_wconf 62' lang='grc'>’</span> <span class='ocrx_word' id='word_1_20' title='bbox 1397 460 1468 502; x_wconf 84' lang='lat' dir='ltr'>suni.</span> 
     </span>
    </p>

    <p class='ocr_par' dir='ltr' id='par_1_4' title="bbox 137 515 1618 659">
     <span class='ocr_line' id='line_1_4' title="bbox 137 515 1618 588; baseline 0.001 -16"><span class='ocrx_word' id='word_1_21' title='bbox 137 527 164 572; x_wconf 89' lang='lat' dir='ltr'>et</span> <span class='ocrx_word' id='word_1_22' title='bbox 178 532 231 588; x_wconf 74' lang='lat' dir='ltr'>ego</span> <span class='ocrx_word' id='word_1_23' title='bbox 245 532 350 585; x_wconf 87' lang='lat' dir='ltr'>semper</span> <span class='ocrx_word' id='word_1_24' title='bbox 553 516 600 571; x_wconf 68' lang='lat' dir='ltr'>ed.</span> <span class='ocrx_word' id='word_1_25' title='bbox 623 515 692 571; x_wconf 85' lang='lat' dir='ltr'>uicit</span> <span class='ocrx_word' id='word_1_26' title='bbox 706 529 774 571; x_wconf 92' lang='lat' dir='ltr'>nnus</span> <span class='ocrx_word' id='word_1_27' title='bbox 785 526 819 571; x_wconf 87' lang='lat' dir='ltr'>cr</span> <span class='ocrx_word' id='word_1_28' title='bbox 984 532 1092 585; x_wconf 88' lang='lat' dir='ltr'>semper</span> <span class='ocrx_word' id='word_1_29' title='bbox 1106 517 1188 573; x_wconf 93' lang='lat' dir='ltr'>docui</span> <span class='ocrx_word' id='word_1_30' title='bbox 1397 516 1444 572; x_wconf 75' lang='lat'>26.</span> <span class='ocrx_word' id='word_1_31' title='bbox 1466 515 1535 571; x_wconf 83' lang='lat' dir='ltr'>uicit</span> <span class='ocrx_word' id='word_1_32' title='bbox 1548 532 1618 575; x_wconf 90' lang='lat' dir='ltr'>uuus</span> 
     </span>
     <span class='ocr_line' id='line_1_5' title="bbox 137 585 1532 659; baseline -0.001 -15"><span class='ocrx_word' id='word_1_33' title='bbox 137 587 222 644; x_wconf 92' lang='lat' dir='ltr'>docui</span> <span class='ocrx_word' id='word_1_34' title='bbox 236 589 262 642; x_wconf 88' lang='lat' dir='ltr'>in</span> <span class='ocrx_word' id='word_1_35' title='bbox 276 588 361 659; x_wconf 79' lang='lat' dir='ltr'>Syria·</span> <span class='ocrx_word' id='word_1_36' title='bbox 554 585 642 644; x_wconf 88' lang='lat' dir='ltr'>serris</span> <span class='ocrx_word' id='word_1_37' title='bbox 653 585 730 642; x_wconf 85' lang='lat' dir='ltr'>Prin·</span> <span class='ocrx_word' id='word_1_38' title='bbox 985 589 1012 643; x_wconf 91' lang='lat' dir='ltr'>in</span> <span class='ocrx_word' id='word_1_39' title='bbox 1031 588 1184 658; x_wconf 69' lang='lat' dir='ltr'>synagoga,</span> <span class='ocrx_word' id='word_1_40' title='bbox 1398 603 1432 643; x_wconf 87' lang='lat' dir='ltr'>ex</span> <span class='ocrx_word' id='word_1_41' title='bbox 1447 588 1532 643; x_wconf 89' lang='lat' dir='ltr'>serris</span> 
     </span>
    </p>

    <p class='ocr_par' dir='ltr' id='par_1_5' title="bbox 137 656 1548 799">
     <span class='ocr_line' id='line_1_6' title="bbox 137 656 1548 730; baseline 0.001 -19"><span class='ocrx_word' id='word_1_42' title='bbox 137 674 219 730; x_wconf 72' lang='lat' dir='ltr'>gepa,</span> <span class='ocrx_word' id='word_1_43' title='bbox 234 659 298 713; x_wconf 84' lang='lat' dir='ltr'>etin</span> <span class='ocrx_word' id='word_1_44' title='bbox 312 666 381 715; x_wconf 87' lang='lat' dir='ltr'>tem·</span> <span class='ocrx_word' id='word_1_45' title='bbox 555 658 623 728; x_wconf 82' lang='lat' dir='ltr'>cipis</span> <span class='ocrx_word' id='word_1_46' title='bbox 636 656 769 713; x_wconf 84' lang='lat' dir='ltr'>Sacerdo-</span> <span class='ocrx_word' id='word_1_47' title='bbox 984 669 1013 715; x_wconf 91' lang='lat' dir='ltr'>ct</span> <span class='ocrx_word' id='word_1_48' title='bbox 1028 661 1054 713; x_wconf 88' lang='lat' dir='ltr'>in</span> <span class='ocrx_word' id='word_1_49' title='bbox 1066 660 1178 727; x_wconf 84' lang='lat' dir='ltr'>rernpio,</span> <span class='ocrx_word' id='word_1_50' title='bbox 1400 658 1548 724; x_wconf 85' lang='lat' dir='ltr'>Pontidcis,</span> 
     </span>
     <span class='ocr_line' id='line_1_7' title="bbox 137 729 1547 799; baseline -0.001 -15"><span class='ocrx_word' id='word_1_51' title='bbox 137 730 372 799; x_wconf 81' lang='lat' dir='ltr'>plo.rruoomnes</span> <span class='ocrx_word' id='word_1_52' title='bbox 555 729 703 799; x_wconf 83' lang='lat' dir='ltr'>tuiu‚quic</span> <span class='ocrx_word' id='word_1_53' title='bbox 739 756 754 771; x_wconf 90' lang='lat'><strong>·</strong></span> <span class='ocrx_word' id='word_1_54' title='bbox 1006 743 1150 785; x_wconf 84' lang='lat' dir='ltr'>uoonines</span> <span class='ocrx_word' id='word_1_55' title='bbox 1400 736 1547 799; x_wconf 69' lang='lat' dir='ltr'>cognatus}</span> 
     </span>
    </p>

    <p class='ocr_par' dir='ltr' id='par_1_6' title="bbox 137 745 1560 868">
     <span class='ocr_line' id='line_1_8' title="bbox 137 745 1560 868; baseline 0 -13"><span class='ocrx_word' id='word_1_56' title='bbox 137 800 233 856; x_wconf 81' lang='lat' dir='ltr'>inrdaei</span> <span class='ocrx_word' id='word_1_57' title='bbox 247 815 347 856; x_wconf 87' lang='lat' dir='ltr'>conre·</span> <span class='ocrx_word' id='word_1_58' title='bbox 554 809 634 854; x_wconf 90' lang='lat' dir='ltr'>natns</span> <span class='ocrx_word' id='word_1_59' title='bbox 648 799 727 854; x_wconf 85' lang='lat' dir='ltr'>erati</span> <span class='ocrx_word' id='word_1_60' title='bbox 743 828 753 839; x_wconf 91' lang='lat'><strong>·</strong></span> <span class='ocrx_word' id='word_1_61' title='bbox 984 745 1080 856; x_wconf 61' lang='lat' dir='ltr'>induci</span> <span class='ocrx_word' id='word_1_62' title='bbox 1095 814 1194 856; x_wconf 86' lang='lat' dir='ltr'>ronre-</span> <span class='ocrx_word' id='word_1_63' title='bbox 1400 800 1469 868; x_wconf 78' lang='lat' dir='ltr'>ejus,</span> <span class='ocrx_word' id='word_1_64' title='bbox 1483 799 1560 868; x_wconf 75' lang='lat' dir='ltr'>cuius</span> 
     </span>
    </p>

    <p class='ocr_par' dir='ltr' id='par_1_7' title="bbox 138 868 1580 1000">
     <span class='ocr_line' id='line_1_9' title="bbox 138 868 1578 939; baseline 0 -12"><span class='ocrx_word' id='word_1_65' title='bbox 138 873 233 935; x_wconf 85' lang='lat' dir='ltr'>ninnt.</span> <span class='ocrx_word' id='word_1_66' title='bbox 243 880 271 927; x_wconf 85' lang='lat' dir='ltr'>et</span> <span class='ocrx_word' id='word_1_67' title='bbox 284 873 311 926; x_wconf 88' lang='lat' dir='ltr'>iu</span> <span class='ocrx_word' id='word_1_68' title='bbox 322 872 432 930; x_wconf 83' lang='lat' dir='ltr'>occuito</span> <span class='ocrx_word' id='word_1_69' title='bbox 555 871 620 936; x_wconf 84' lang='lat' dir='ltr'>lius,</span> <span class='ocrx_word' id='word_1_70' title='bbox 634 870 711 939; x_wconf 83' lang='lat' dir='ltr'>cnjm</span> <span class='ocrx_word' id='word_1_71' title='bbox 721 868 785 925; x_wconf 84' lang='lat' dir='ltr'>abs·</span> <span class='ocrx_word' id='word_1_72' title='bbox 987 873 1076 936; x_wconf 86' lang='lat' dir='ltr'>munt,</span> <span class='ocrx_word' id='word_1_73' title='bbox 1091 881 1118 926; x_wconf 92' lang='lat' dir='ltr'>et</span> <span class='ocrx_word' id='word_1_74' title='bbox 1134 871 1160 926; x_wconf 90' lang='lat' dir='ltr'>in</span> <span class='ocrx_word' id='word_1_75' title='bbox 1400 871 1513 926; x_wconf 74' lang='lat' dir='ltr'><strong>abscidit</strong></span> <span class='ocrx_word' id='word_1_76' title='bbox 1528 871 1578 927; x_wconf 89' lang='lat' dir='ltr'>Pe-</span> 
     </span>
     <span class='ocr_line' id='line_1_10' title="bbox 139 939 1580 1000; baseline -0.001 -2"><span class='ocrx_word' id='word_1_77' title='bbox 139 943 328 999; x_wconf 80' lang='lat' dir='ltr'>nilsillocnrns</span> <span class='ocrx_word' id='word_1_78' title='bbox 512 944 521 957; x_wconf 82' lang='lat'><strong><em>¹</em></strong></span> <span class='ocrx_word' id='word_1_79' title='bbox 555 941 660 996; x_wconf 88' lang='lat' dir='ltr'>cidernt</span> <span class='ocrx_word' id='word_1_80' title='bbox 679 939 775 997; x_wconf 81' lang='lat' dir='ltr'>Petrus</span> <span class='ocrx_word' id='word_1_81' title='bbox 986 942 1213 1000; x_wconf 83' lang='lat' dir='ltr'>occultolocutus</span> <span class='ocrx_word' id='word_1_82' title='bbox 1402 943 1580 998; x_wconf 89' lang='lat' dir='ltr'>trusauricn-</span> 
     </span>
    </p>

    <p class='ocr_par' dir='ltr' id='par_1_8' title="bbox 137 1012 1612 1225">
     <span class='ocr_line' id='line_1_11' title="bbox 137 1012 1612 1086; baseline 0 -18"><span class='ocrx_word' id='word_1_83' title='bbox 137 1013 184 1068; x_wconf 67' lang='lat' dir='ltr'>si.</span> <span class='ocrx_word' id='word_1_84' title='bbox 200 1029 267 1068; x_wconf 89' lang='lat' dir='ltr'>sum.</span> <span class='ocrx_word' id='word_1_85' title='bbox 285 1012 354 1081; x_wconf 82' lang='lat' dir='ltr'><strong>Quid</strong></span> <span class='ocrx_word' id='word_1_86' title='bbox 369 1029 413 1071; x_wconf 81' lang='lat' dir='ltr'>me</span> <span class='ocrx_word' id='word_1_87' title='bbox 556 1012 726 1068; x_wconf 78' lang='lat' dir='ltr'>auriculam:</span> <span class='ocrx_word' id='word_1_88' title='bbox 985 1028 1045 1068; x_wconf 88' lang='lat' dir='ltr'>surn</span> <span class='ocrx_word' id='word_1_89' title='bbox 1062 1013 1137 1068; x_wconf 86' lang='lat' dir='ltr'>iritiil.</span> <span class='ocrx_word' id='word_1_90' title='bbox 1402 1012 1454 1067; x_wconf 88' lang='lat' dir='ltr'>lani</span> <span class='ocrx_word' id='word_1_91' title='bbox 1469 1029 1476 1066; x_wconf 75' lang='grc' dir='ltr'><strong>ε</strong></span> <span class='ocrx_word' id='word_1_92' title='bbox 1492 1013 1549 1068; x_wconf 84' lang='grc' dir='ltr'>Νοιι</span> <span class='ocrx_word' id='word_1_93' title='bbox 1561 1028 1612 1086; x_wconf 75' lang='lat' dir='ltr'>opo</span> 
     </span>
     <span class='ocr_line' id='line_1_12' title="bbox 139 1082 1537 1169; baseline 0.001 -30"><span class='ocrx_word' id='word_1_94' title='bbox 139 1084 313 1154; x_wconf 60' lang='lat' dir='ltr'>interrogas?</span> <span class='ocrx_word' id='word_1_95' title='bbox 457 1142 473 1169; x_wconf 40' lang='grc' dir='ltr'><strong><em>ο</em></strong></span> <span class='ocrx_word' id='word_1_96' title='bbox 555 1082 649 1138; x_wconf 85' lang='lat' dir='ltr'>Nonne</span> <span class='ocrx_word' id='word_1_97' title='bbox 667 1096 718 1151; x_wconf 75' lang='lat' dir='ltr'>ego</span> <span class='ocrx_word' id='word_1_98' title='bbox 985 1083 1109 1152; x_wconf 61' lang='lat' dir='ltr'>ilonid</span> <span class='ocrx_word' id='word_1_99' title='bbox 1123 1100 1166 1141; x_wconf 90' lang='lat' dir='ltr'>me</span> <span class='ocrx_word' id='word_1_100' title='bbox 1180 1086 1222 1149; x_wconf 88' lang='lat' dir='ltr'>in·</span> <span class='ocrx_word' id='word_1_101' title='bbox 1403 1093 1430 1139; x_wconf 90' lang='lat' dir='ltr'>te</span> <span class='ocrx_word' id='word_1_102' title='bbox 1444 1083 1497 1138; x_wconf 88' lang='lat' dir='ltr'>ridi</span> <span class='ocrx_word' id='word_1_103' title='bbox 1509 1085 1537 1140; x_wconf 89' lang='lat' dir='ltr'>iu</span> 
     </span>
     <span class='ocr_line' id='line_1_13' title="bbox 138 1153 1554 1225; baseline -0.001 -14"><span class='ocrx_word' id='word_1_104' title='bbox 138 1156 288 1225; x_wconf 74' lang='lat' dir='ltr'>interroga,</span> <span class='ocrx_word' id='word_1_105' title='bbox 556 1164 583 1209; x_wconf 89' lang='lat' dir='ltr'>te</span> <span class='ocrx_word' id='word_1_106' title='bbox 596 1154 650 1208; x_wconf 85' lang='lat' dir='ltr'>vidi</span> <span class='ocrx_word' id='word_1_107' title='bbox 661 1153 688 1208; x_wconf 89' lang='lat' dir='ltr'>in</span> <span class='ocrx_word' id='word_1_108' title='bbox 701 1154 765 1208; x_wconf 82' lang='lat' dir='ltr'>lior·</span> <span class='ocrx_word' id='word_1_109' title='bbox 987 1156 1127 1224; x_wconf 75' lang='lat' dir='ltr'><strong>terrogas?</strong></span> <span class='ocrx_word' id='word_1_110' title='bbox 1137 1155 1223 1214; x_wconf 87' lang='lat' dir='ltr'>loter-</span> <span class='ocrx_word' id='word_1_111' title='bbox 1402 1153 1480 1210; x_wconf 87' lang='lat' dir='ltr'>horto</span> <span class='ocrx_word' id='word_1_112' title='bbox 1494 1170 1554 1210; x_wconf 87' lang='lat' dir='ltr'>curn</span> 
     </span>
    </p>

    <p class='ocr_par' dir='ltr' id='par_1_9' title="bbox 138 1222 1642 1368">
     <span class='ocr_line' id='line_1_14' title="bbox 138 1222 1642 1298; baseline 0.001 -17"><span class='ocrx_word' id='word_1_113' title='bbox 138 1226 187 1296; x_wconf 82' lang='lat' dir='ltr'>qui</span> <span class='ocrx_word' id='word_1_114' title='bbox 197 1226 343 1281; x_wconf 87' lang='lat' dir='ltr'>auriierunt</span> <span class='ocrx_word' id='word_1_115' title='bbox 554 1224 600 1280; x_wconf 75' lang='lat'>27.</span> <span class='ocrx_word' id='word_1_116' title='bbox 623 1235 650 1280; x_wconf 93' lang='lat' dir='ltr'>to</span> <span class='ocrx_word' id='word_1_117' title='bbox 664 1240 725 1280; x_wconf 92' lang='lat' dir='ltr'>cnm</span> <span class='ocrx_word' id='word_1_118' title='bbox 739 1222 855 1282; x_wconf 78' lang='lat' dir='ltr'>reiltu-</span> <span class='ocrx_word' id='word_1_119' title='bbox 987 1242 1051 1297; x_wconf 77' lang='lat' dir='ltr'>roga</span> <span class='ocrx_word' id='word_1_120' title='bbox 1062 1241 1120 1290; x_wconf 88' lang='lat' dir='ltr'>eos,</span> <span class='ocrx_word' id='word_1_121' title='bbox 1136 1230 1182 1298; x_wconf 82' lang='lat' dir='ltr'>qui</span> <span class='ocrx_word' id='word_1_122' title='bbox 1400 1227 1446 1280; x_wconf 70' lang='lat'>27.</span> <span class='ocrx_word' id='word_1_123' title='bbox 1467 1226 1532 1280; x_wconf 81' lang='lat' dir='ltr'>illul</span> <span class='ocrx_word' id='word_1_124' title='bbox 1542 1225 1642 1282; x_wconf 82' lang='lat' dir='ltr'>lterum</span> 
     </span>
     <span class='ocr_line' id='line_1_15' title="bbox 139 1292 1596 1368; baseline 0.001 -16"><span class='ocrx_word' id='word_1_125' title='bbox 139 1297 203 1367; x_wconf 78' lang='lat' dir='ltr'>quid</span> <span class='ocrx_word' id='word_1_126' title='bbox 221 1296 274 1351; x_wconf 86' lang='lat' dir='ltr'>illis</span> <span class='ocrx_word' id='word_1_127' title='bbox 290 1296 366 1352; x_wconf 90' lang='lat' dir='ltr'>locu·</span> <span class='ocrx_word' id='word_1_128' title='bbox 555 1311 614 1351; x_wconf 92' lang='lat' dir='ltr'>rum</span> <span class='ocrx_word' id='word_1_129' title='bbox 630 1311 694 1366; x_wconf 73' lang='lat' dir='ltr'>ergo</span> <span class='ocrx_word' id='word_1_130' title='bbox 707 1310 754 1350; x_wconf 90' lang='lat' dir='ltr'>ne-</span> <span class='ocrx_word' id='word_1_131' title='bbox 987 1298 1129 1352; x_wconf 86' lang='lat' dir='ltr'>audiernnt</span> <span class='ocrx_word' id='word_1_132' title='bbox 1143 1299 1207 1368; x_wconf 76' lang='lat' dir='ltr'>ninid</span> <span class='ocrx_word' id='word_1_133' title='bbox 1402 1312 1466 1367; x_wconf 79' lang='lat' dir='ltr'>ergo</span> <span class='ocrx_word' id='word_1_134' title='bbox 1480 1292 1596 1368; x_wconf 76' lang='lat' dir='ltr'>negarit,</span> 
     </span>
    </p>

    <p class='ocr_par' dir='ltr' id='par_1_10' title="bbox 140 1365 1526 1437">
     <span class='ocr_line' id='line_1_16' title="bbox 140 1365 1526 1437; baseline 0 -14"><span class='ocrx_word' id='word_1_135' title='bbox 140 1379 183 1423; x_wconf 91' lang='lat' dir='ltr'>tns</span> <span class='ocrx_word' id='word_1_136' title='bbox 193 1385 253 1422; x_wconf 88' lang='lat' dir='ltr'>sum</span> <span class='ocrx_word' id='word_1_137' title='bbox 272 1386 279 1424; x_wconf 76' lang='grc' dir='ltr'><strong>ε</strong></span> <span class='ocrx_word' id='word_1_138' title='bbox 294 1367 439 1425; x_wconf 72' lang='lat' dir='ltr'>crecentii</span> <span class='ocrx_word' id='word_1_139' title='bbox 555 1366 640 1437; x_wconf 72' lang='lat' dir='ltr'>parit,</span> <span class='ocrx_word' id='word_1_140' title='bbox 651 1378 678 1420; x_wconf 91' lang='lat' dir='ltr'>et</span> <span class='ocrx_word' id='word_1_141' title='bbox 689 1365 780 1421; x_wconf 88' lang='lat' dir='ltr'>statim</span> <span class='ocrx_word' id='word_1_142' title='bbox 988 1368 1092 1423; x_wconf 91' lang='lat' dir='ltr'>locutus</span> <span class='ocrx_word' id='word_1_143' title='bbox 1102 1382 1161 1423; x_wconf 88' lang='lat' dir='ltr'>sum</span> <span class='ocrx_word' id='word_1_144' title='bbox 1401 1369 1526 1423; x_wconf 84' lang='lat' dir='ltr'>utstatim</span> 
     </span>
    </p>

    <p class='ocr_par' dir='ltr' id='par_1_11' title="bbox 137 1438 1717 1724">
     <span class='ocr_line' id='line_1_17' title="bbox 139 1438 1630 1510; baseline -0.001 -15"><span class='ocrx_word' id='word_1_145' title='bbox 139 1439 240 1503; x_wconf 86' lang='lat' dir='ltr'>sciunt,</span> <span class='ocrx_word' id='word_1_146' title='bbox 256 1453 325 1510; x_wconf 79' lang='lat' dir='ltr'>quac</span> <span class='ocrx_word' id='word_1_147' title='bbox 556 1438 643 1508; x_wconf 79' lang='lat' dir='ltr'>gallus</span> <span class='ocrx_word' id='word_1_148' title='bbox 654 1445 748 1493; x_wconf 90' lang='lat' dir='ltr'>canta-</span> <span class='ocrx_word' id='word_1_149' title='bbox 988 1439 1053 1508; x_wconf 91' lang='lat' dir='ltr'>ipsis</span> <span class='ocrx_word' id='word_1_150' title='bbox 1067 1456 1074 1490; x_wconf 91' lang='lat'>:</span> <span class='ocrx_word' id='word_1_151' title='bbox 1086 1453 1151 1495; x_wconf 90' lang='lat' dir='ltr'>ecce</span> <span class='ocrx_word' id='word_1_152' title='bbox 1400 1438 1488 1509; x_wconf 70' lang='lat' dir='ltr'>gallus</span> <span class='ocrx_word' id='word_1_153' title='bbox 1502 1439 1630 1495; x_wconf 83' lang='lat' dir='ltr'>cantauit.</span> 
     </span>
     <span class='ocr_line' id='line_1_18' title="bbox 138 1509 1717 1581; baseline 0 -17"><span class='ocrx_word' id='word_1_154' title='bbox 138 1510 194 1565; x_wconf 81' lang='lat' dir='ltr'>diri</span> <span class='ocrx_word' id='word_1_155' title='bbox 209 1525 270 1581; x_wconf 79' lang='lat' dir='ltr'>ego.</span> <span class='ocrx_word' id='word_1_156' title='bbox 555 1510 605 1563; x_wconf 84' lang='lat' dir='ltr'>rit.</span> <span class='ocrx_word' id='word_1_157' title='bbox 987 1509 1127 1573; x_wconf 80' lang='lat' dir='ltr'>luscium,</span> <span class='ocrx_word' id='word_1_158' title='bbox 1143 1526 1203 1581; x_wconf 79' lang='lat' dir='ltr'>prise</span> <span class='ocrx_word' id='word_1_159' title='bbox 1402 1511 1448 1565; x_wconf 67' lang='lat'>28.</span> <span class='ocrx_word' id='word_1_160' title='bbox 1469 1511 1613 1568; x_wconf 74' lang='lat' dir='ltr'>Adducunt</span> <span class='ocrx_word' id='word_1_161' title='bbox 1624 1509 1717 1567; x_wconf 80' lang='lat' dir='ltr'>iesum</span> 
     </span>
     <span class='ocr_line' id='line_1_19' title="bbox 137 1577 1547 1651; baseline 0.004 -19"><span class='ocrx_word' id='word_1_162' title='bbox 137 1580 184 1636; x_wconf 58' lang='grc' dir='ltr'><strong>ἢ</strong></span> <span class='ocrx_word' id='word_1_163' title='bbox 205 1579 273 1636; x_wconf 88' lang='lat' dir='ltr'>Cum</span> <span class='ocrx_word' id='word_1_164' title='bbox 287 1581 356 1639; x_wconf 74' lang='lat' dir='ltr'>haec</span> <span class='ocrx_word' id='word_1_165' title='bbox 368 1580 415 1639; x_wconf 82' lang='lat' dir='ltr'>ille</span> <span class='ocrx_word' id='word_1_166' title='bbox 555 1577 602 1633; x_wconf 71' lang='lat'>28.</span> <span class='ocrx_word' id='word_1_167' title='bbox 624 1577 766 1634; x_wconf 78' lang='lat' dir='ltr'>Adducunt</span> <span class='ocrx_word' id='word_1_168' title='bbox 778 1592 822 1635; x_wconf 84' lang='lat' dir='ltr'>er·</span> <span class='ocrx_word' id='word_1_169' title='bbox 987 1581 1100 1634; x_wconf 82' lang='lat' dir='ltr'>dixerim</span> <span class='ocrx_word' id='word_1_170' title='bbox 1115 1596 1177 1651; x_wconf 75' lang='lat' dir='ltr'>ego.</span> <span class='ocrx_word' id='word_1_171' title='bbox 1401 1581 1547 1650; x_wconf 73' lang='lat' dir='ltr'>adaiplran</span> 
     </span>
     <span class='ocr_line' id='line_1_20' title="bbox 139 1648 1552 1724; baseline 0.001 -18"><span class='ocrx_word' id='word_1_172' title='bbox 139 1652 348 1719; x_wconf 64' lang='lat' dir='ltr'>dixissemus</span> <span class='ocrx_word' id='word_1_173' title='bbox 558 1664 593 1720; x_wconf 72' lang='lat' dir='ltr'>go</span> <span class='ocrx_word' id='word_1_174' title='bbox 607 1648 699 1704; x_wconf 83' lang='lat' dir='ltr'>lesum</span> <span class='ocrx_word' id='word_1_175' title='bbox 711 1650 775 1706; x_wconf 92' lang='lat' dir='ltr'>nris·</span> <span class='ocrx_word' id='word_1_176' title='bbox 988 1650 1032 1705; x_wconf 76' lang='lat' dir='ltr'>si.</span> <span class='ocrx_word' id='word_1_177' title='bbox 1055 1650 1126 1706; x_wconf 88' lang='lat' dir='ltr'>llaec</span> <span class='ocrx_word' id='word_1_178' title='bbox 1139 1661 1229 1710; x_wconf 83' lang='lat' dir='ltr'>autem</span> <span class='ocrx_word' id='word_1_179' title='bbox 1402 1651 1429 1707; x_wconf 90' lang='lat' dir='ltr'>in</span> <span class='ocrx_word' id='word_1_180' title='bbox 1443 1663 1552 1724; x_wconf 91' lang='lat' dir='ltr'>praeto-</span> 
     </span>
    </p>

    <p class='ocr_par' dir='ltr' id='par_1_12' title="bbox 140 1719 1601 1865">
     <span class='ocr_line' id='line_1_21' title="bbox 140 1719 1561 1793; baseline 0.003 -17"><span class='ocrx_word' id='word_1_181' title='bbox 140 1723 252 1778; x_wconf 86' lang='lat' dir='ltr'>adstans</span> <span class='ocrx_word' id='word_1_182' title='bbox 262 1739 296 1778; x_wconf 85' lang='lat' dir='ltr'>ex</span> <span class='ocrx_word' id='word_1_183' title='bbox 557 1734 617 1775; x_wconf 89' lang='lat' dir='ltr'>sum</span> <span class='ocrx_word' id='word_1_184' title='bbox 632 1721 665 1776; x_wconf 94' lang='lat' dir='ltr'>ad</span> <span class='ocrx_word' id='word_1_185' title='bbox 680 1719 812 1792; x_wconf 87' lang='lat' dir='ltr'>Caiplram</span> <span class='ocrx_word' id='word_1_186' title='bbox 988 1737 1049 1777; x_wconf 93' lang='lat' dir='ltr'>curn</span> <span class='ocrx_word' id='word_1_187' title='bbox 1064 1722 1185 1793; x_wconf 75' lang='lat' dir='ltr'>dixisset,</span> <span class='ocrx_word' id='word_1_188' title='bbox 1401 1724 1482 1778; x_wconf 89' lang='lat' dir='ltr'>rium.</span> <span class='ocrx_word' id='word_1_189' title='bbox 1497 1724 1561 1780; x_wconf 78' lang='lat' dir='ltr'>lirat</span> 
     </span>
     <span class='ocr_line' id='line_1_22' title="bbox 140 1790 1601 1865; baseline 0.004 -18"><span class='ocrx_word' id='word_1_190' title='bbox 140 1794 274 1848; x_wconf 74' lang='lat' dir='ltr'>ministris</span> <span class='ocrx_word' id='word_1_191' title='bbox 288 1793 336 1850; x_wconf 78' lang='lat' dir='ltr'>ds·</span> <span class='ocrx_word' id='word_1_192' title='bbox 558 1790 711 1861; x_wconf 79' lang='lat' dir='ltr'>Principem</span> <span class='ocrx_word' id='word_1_193' title='bbox 989 1808 1059 1848; x_wconf 88' lang='lat' dir='ltr'>unrrs</span> <span class='ocrx_word' id='word_1_194' title='bbox 1071 1792 1105 1848; x_wconf 86' lang='lat' dir='ltr'>de</span> <span class='ocrx_word' id='word_1_195' title='bbox 1117 1793 1165 1849; x_wconf 84' lang='lat' dir='ltr'>ad·</span> <span class='ocrx_word' id='word_1_196' title='bbox 1402 1807 1490 1850; x_wconf 84' lang='lat' dir='ltr'>autem</span> <span class='ocrx_word' id='word_1_197' title='bbox 1507 1810 1601 1865; x_wconf 72' lang='lat' dir='ltr'>tusus,</span> 
     </span>
    </p>

    <p class='ocr_par' dir='ltr' id='par_1_13' title="bbox 141 1860 1494 1937">
     <span class='ocr_line' id='line_1_23' title="bbox 141 1860 1494 1937; baseline 0.001 -18"><span class='ocrx_word' id='word_1_198' title='bbox 141 1864 182 1919; x_wconf 88' lang='lat' dir='ltr'>dit</span> <span class='ocrx_word' id='word_1_199' title='bbox 195 1865 313 1934; x_wconf 89' lang='lat' dir='ltr'>palmam</span> <span class='ocrx_word' id='word_1_200' title='bbox 558 1860 736 1918; x_wconf 86' lang='lat' dir='ltr'>Sacerdotem</span> <span class='ocrx_word' id='word_1_201' title='bbox 888 1866 893 1875; x_wconf 84' lang='grc'><strong>“</strong></span> <span class='ocrx_word' id='word_1_202' title='bbox 988 1863 1123 1918; x_wconf 85' lang='lat' dir='ltr'>stantibus</span> <span class='ocrx_word' id='word_1_203' title='bbox 1138 1867 1188 1920; x_wconf 88' lang='lat' dir='ltr'>mi·</span> <span class='ocrx_word' id='word_1_204' title='bbox 1402 1875 1429 1920; x_wconf 90' lang='lat' dir='ltr'>et</span> <span class='ocrx_word' id='word_1_205' title='bbox 1443 1864 1494 1937; x_wconf 86' lang='lat' dir='ltr'>ipsi</span> 
     </span>
    </p>

    <p class='ocr_par' dir='ltr' id='par_1_14' title="bbox 141 1932 1555 2003">
     <span class='ocr_line' id='line_1_24' title="bbox 141 1932 1555 2003; baseline 0.004 -14"><span class='ocrx_word' id='word_1_206' title='bbox 141 1935 168 1989; x_wconf 90' lang='lat' dir='ltr'>in</span> <span class='ocrx_word' id='word_1_207' title='bbox 183 1935 279 1991; x_wconf 90' lang='lat' dir='ltr'>laciem</span> <span class='ocrx_word' id='word_1_208' title='bbox 294 1934 367 1991; x_wconf 79' lang='lat' dir='ltr'>iesu.</span> <span class='ocrx_word' id='word_1_209' title='bbox 559 1932 586 1987; x_wconf 89' lang='lat' dir='ltr'>iu</span> <span class='ocrx_word' id='word_1_210' title='bbox 597 1934 729 2003; x_wconf 84' lang='lat' dir='ltr'>praetori·</span> <span class='ocrx_word' id='word_1_211' title='bbox 991 1933 1083 1989; x_wconf 85' lang='lat' dir='ltr'>nistris</span> <span class='ocrx_word' id='word_1_212' title='bbox 1098 1934 1172 1992; x_wconf 87' lang='lat' dir='ltr'>dedit</span> <span class='ocrx_word' id='word_1_213' title='bbox 1403 1952 1456 1992; x_wconf 90' lang='lat' dir='ltr'>non</span> <span class='ocrx_word' id='word_1_214' title='bbox 1471 1939 1555 1994; x_wconf 93' lang='lat' dir='ltr'>intro-</span> 
     </span>
    </p>

    <p class='ocr_par' dir='ltr' id='par_1_15' title="bbox 140 2003 1578 2148">
     <span class='ocr_line' id='line_1_25' title="bbox 140 2003 1534 2073; baseline 0.003 -12"><span class='ocrx_word' id='word_1_215' title='bbox 140 2007 245 2062; x_wconf 87' lang='lat' dir='ltr'>dicens.</span> <span class='ocrx_word' id='word_1_216' title='bbox 258 2006 298 2061; x_wconf 82' lang='lat' dir='ltr'>Si.</span> <span class='ocrx_word' id='word_1_217' title='bbox 320 2048 327 2061; x_wconf 93' lang='lat'><strong><em>.</em></strong></span> <span class='ocrx_word' id='word_1_218' title='bbox 347 2019 392 2065; x_wconf 84' lang='lat' dir='ltr'>res</span> <span class='ocrx_word' id='word_1_219' title='bbox 560 2018 615 2059; x_wconf 92' lang='lat' dir='ltr'>um.</span> <span class='ocrx_word' id='word_1_220' title='bbox 628 2003 694 2058; x_wconf 86' lang='lat' dir='ltr'>Erat</span> <span class='ocrx_word' id='word_1_221' title='bbox 704 2017 751 2058; x_wconf 89' lang='lat' dir='ltr'>au·</span> <span class='ocrx_word' id='word_1_222' title='bbox 992 2005 1108 2073; x_wconf 86' lang='lat' dir='ltr'>palmam</span> <span class='ocrx_word' id='word_1_223' title='bbox 1122 2006 1199 2073; x_wconf 77' lang='lat' dir='ltr'>lesu,</span> <span class='ocrx_word' id='word_1_224' title='bbox 1404 2008 1493 2064; x_wconf 90' lang='lat' dir='ltr'>ierunt</span> <span class='ocrx_word' id='word_1_225' title='bbox 1508 2013 1534 2065; x_wconf 89' lang='lat' dir='ltr'>in</span> 
     </span>
     <span class='ocr_line' id='line_1_26' title="bbox 140 2075 1578 2148; baseline 0.003 -17"><span class='ocrx_word' id='word_1_226' title='bbox 140 2077 327 2147; x_wconf 72' lang='lat' dir='ltr'>pondislrin-</span> <span class='ocrx_word' id='word_1_227' title='bbox 561 2082 616 2130; x_wconf 90' lang='lat' dir='ltr'>tem</span> <span class='ocrx_word' id='word_1_228' title='bbox 633 2088 722 2136; x_wconf 83' lang='lat' dir='ltr'>mane.</span> <span class='ocrx_word' id='word_1_229' title='bbox 738 2083 765 2131; x_wconf 91' lang='lat' dir='ltr'>et</span> <span class='ocrx_word' id='word_1_230' title='bbox 989 2076 1083 2130; x_wconf 83' lang='lat' dir='ltr'>dicens</span> <span class='ocrx_word' id='word_1_231' title='bbox 1099 2094 1106 2130; x_wconf 76' lang='grc' dir='ltr'><strong><em>ε</em></strong></span> <span class='ocrx_word' id='word_1_232' title='bbox 1125 2075 1170 2132; x_wconf 87' lang='lat' dir='ltr'>Sic</span> <span class='ocrx_word' id='word_1_233' title='bbox 1362 2116 1365 2123; x_wconf 83' lang='lat'>-</span> <span class='ocrx_word' id='word_1_234' title='bbox 1403 2081 1578 2148; x_wconf 86' lang='lat' dir='ltr'>praetorium,</span> 
     </span>
    </p>

    <p class='ocr_par' dir='ltr' id='par_1_16' title="bbox 141 2144 1579 2217">
     <span class='ocr_line' id='line_1_27' title="bbox 141 2144 1579 2217; baseline 0.003 -14"><span class='ocrx_word' id='word_1_235' title='bbox 141 2148 195 2217; x_wconf 87' lang='lat' dir='ltr'>cipi</span> <span class='ocrx_word' id='word_1_236' title='bbox 208 2148 337 2204; x_wconf 83' lang='lat' dir='ltr'>Sacerdo·</span> <span class='ocrx_word' id='word_1_237' title='bbox 561 2144 611 2215; x_wconf 92' lang='lat' dir='ltr'>ipsi</span> <span class='ocrx_word' id='word_1_238' title='bbox 628 2160 681 2200; x_wconf 91' lang='lat' dir='ltr'>non</span> <span class='ocrx_word' id='word_1_239' title='bbox 696 2146 738 2200; x_wconf 90' lang='lat' dir='ltr'>in·</span> <span class='ocrx_word' id='word_1_240' title='bbox 990 2146 1140 2215; x_wconf 80' lang='lat' dir='ltr'>respondes</span> <span class='ocrx_word' id='word_1_241' title='bbox 1405 2160 1433 2206; x_wconf 89' lang='lat' dir='ltr'>ut</span> <span class='ocrx_word' id='word_1_242' title='bbox 1448 2165 1501 2207; x_wconf 94' lang='lat' dir='ltr'>non</span> <span class='ocrx_word' id='word_1_243' title='bbox 1515 2167 1579 2207; x_wconf 92' lang='lat' dir='ltr'>con-</span> 
     </span>
    </p>

    <p class='ocr_par' dir='ltr' id='par_1_17' title="bbox 143 2217 1610 2288">
     <span class='ocr_line' id='line_1_28' title="bbox 143 2217 1610 2288; baseline 0.003 -15"><span class='ocrx_word' id='word_1_244' title='bbox 143 2218 224 2273; x_wconf 84' lang='lat' dir='ltr'>tumi</span> <span class='ocrx_word' id='word_1_245' title='bbox 562 2217 696 2272; x_wconf 88' lang='lat' dir='ltr'>troierunt</span> <span class='ocrx_word' id='word_1_246' title='bbox 710 2220 736 2271; x_wconf 91' lang='lat' dir='ltr'>in</span> <span class='ocrx_word' id='word_1_247' title='bbox 991 2217 1108 2288; x_wconf 83' lang='lat' dir='ltr'>Principi</span> <span class='ocrx_word' id='word_1_248' title='bbox 1125 2218 1175 2274; x_wconf 88' lang='lat' dir='ltr'>Sa·</span> <span class='ocrx_word' id='word_1_249' title='bbox 1405 2221 1610 2288; x_wconf 67' lang='lat' dir='ltr'>damnarentur,</span> 
     </span>
    </p>

    <p class='ocr_par' dir='ltr' id='par_1_18' title="bbox 141 2288 1541 2367">
     <span class='ocr_line' id='line_1_29' title="bbox 141 2288 1541 2367; baseline 0.004 -26"><span class='ocrx_word' id='word_1_250' title='bbox 141 2289 189 2344; x_wconf 70' lang='lat'>23.</span> <span class='ocrx_word' id='word_1_251' title='bbox 211 2288 362 2358; x_wconf 76' lang='lat' dir='ltr'>Respondit</span> <span class='ocrx_word' id='word_1_252' title='bbox 374 2289 413 2349; x_wconf 85' lang='lat' dir='ltr'>iili</span> <span class='ocrx_word' id='word_1_253' title='bbox 561 2290 739 2358; x_wconf 77' lang='lat' dir='ltr'>praetorium,</span> <span class='ocrx_word' id='word_1_254' title='bbox 990 2291 1155 2345; x_wconf 86' lang='lat' dir='ltr'>cerdntumi</span> <span class='ocrx_word' id='word_1_255' title='bbox 1407 2292 1445 2367; x_wconf 79' lang='grc' dir='ltr'>(ιι)</span> <span class='ocrx_word' id='word_1_256' title='bbox 1459 2294 1506 2347; x_wconf 90' lang='lat' dir='ltr'>sed</span> <span class='ocrx_word' id='word_1_257' title='bbox 1520 2293 1541 2365; x_wconf 92' lang='lat'>†</span> 
     </span>
    </p>

    <p class='ocr_par' dir='ltr' id='par_1_19' title="bbox 141 2357 1641 2575">
     <span class='ocr_line' id='line_1_30' title="bbox 141 2357 1600 2431; baseline 0.008 -23"><span class='ocrx_word' id='word_1_258' title='bbox 141 2360 222 2415; x_wconf 73' lang='lat' dir='ltr'>Jecns</span> <span class='ocrx_word' id='word_1_259' title='bbox 238 2378 246 2415; x_wconf 90' lang='lat'>:</span> <span class='ocrx_word' id='word_1_260' title='bbox 265 2362 292 2419; x_wconf 85' lang='lat' dir='ltr'>si</span> <span class='ocrx_word' id='word_1_261' title='bbox 311 2362 380 2421; x_wconf 66' lang='lat' dir='ltr'>nial·</span> <span class='ocrx_word' id='word_1_262' title='bbox 562 2359 757 2428; x_wconf 79' lang='lat' dir='ltr'>polluerentur,</span> <span class='ocrx_word' id='word_1_263' title='bbox 990 2357 1036 2415; x_wconf 70' lang='grc' dir='ltr'>ΞΖ».</span> <span class='ocrx_word' id='word_1_264' title='bbox 1058 2361 1205 2431; x_wconf 82' lang='lat' dir='ltr'>Respondit</span> <span class='ocrx_word' id='word_1_265' title='bbox 1218 2361 1244 2423; x_wconf 74' lang='lat' dir='ltr'>ri</span> <span class='ocrx_word' id='word_1_266' title='bbox 1405 2365 1600 2421; x_wconf 88' lang='lat' dir='ltr'>manducarent</span> 
     </span>
     <span class='ocr_line' id='line_1_31' title="bbox 142 2429 1517 2499; baseline 0.002 -13"><span class='ocrx_word' id='word_1_267' title='bbox 142 2432 249 2487; x_wconf 91' lang='lat' dir='ltr'>locutus</span> <span class='ocrx_word' id='word_1_268' title='bbox 259 2449 330 2499; x_wconf 83' lang='lat' dir='ltr'>sum,</span> <span class='ocrx_word' id='word_1_269' title='bbox 560 2430 608 2484; x_wconf 88' lang='lat' dir='ltr'>sed</span> <span class='ocrx_word' id='word_1_270' title='bbox 623 2441 651 2483; x_wconf 90' lang='lat' dir='ltr'>ut</span> <span class='ocrx_word' id='word_1_271' title='bbox 664 2445 741 2484; x_wconf 91' lang='lat' dir='ltr'>man·</span> <span class='ocrx_word' id='word_1_272' title='bbox 991 2429 1071 2485; x_wconf 82' lang='lat' dir='ltr'>lesus</span> <span class='ocrx_word' id='word_1_273' title='bbox 1087 2449 1094 2486; x_wconf 90' lang='lat'>:</span> <span class='ocrx_word' id='word_1_274' title='bbox 1111 2434 1139 2487; x_wconf 83' lang='lat' dir='ltr'>si</span> <span class='ocrx_word' id='word_1_275' title='bbox 1156 2432 1225 2497; x_wconf 79' lang='lat' dir='ltr'>rnale</span> <span class='ocrx_word' id='word_1_276' title='bbox 1404 2435 1517 2491; x_wconf 79' lang='lat' dir='ltr'><strong>Pascha.</strong></span> 
     </span>
     <span class='ocr_line' id='line_1_32' title="bbox 143 2500 1641 2575; baseline 0.003 -20"><span class='ocrx_word' id='word_1_277' title='bbox 143 2503 327 2559; x_wconf 87' lang='lat' dir='ltr'>testimonium</span> <span class='ocrx_word' id='word_1_278' title='bbox 560 2500 691 2555; x_wconf 89' lang='lat' dir='ltr'>ducarent</span> <span class='ocrx_word' id='word_1_279' title='bbox 705 2500 770 2555; x_wconf 90' lang='lat' dir='ltr'>Pas-</span> <span class='ocrx_word' id='word_1_280' title='bbox 991 2500 1097 2555; x_wconf 93' lang='lat' dir='ltr'>locutus</span> <span class='ocrx_word' id='word_1_281' title='bbox 1109 2518 1181 2572; x_wconf 85' lang='lat' dir='ltr'>snm,</span> <span class='ocrx_word' id='word_1_282' title='bbox 1406 2505 1452 2562; x_wconf 72' lang='lat'>29.</span> <span class='ocrx_word' id='word_1_283' title='bbox 1474 2505 1564 2561; x_wconf 84' lang='lat' dir='ltr'>Eririt</span> <span class='ocrx_word' id='word_1_284' title='bbox 1574 2515 1641 2575; x_wconf 72' lang='lat' dir='ltr'>ergo</span> 
     </span>
    </p>

    <p class='ocr_par' dir='ltr' id='par_1_20' title="bbox 144 2571 1554 2643">
     <span class='ocr_line' id='line_1_33' title="bbox 144 2571 1554 2643; baseline 0.003 -15"><span class='ocrx_word' id='word_1_285' title='bbox 144 2573 153 2604; x_wconf 87' lang='lat'><strong>¹</strong></span> <span class='ocrx_word' id='word_1_286' title='bbox 166 2573 212 2628; x_wconf 91' lang='lat' dir='ltr'>dic</span> <span class='ocrx_word' id='word_1_287' title='bbox 224 2573 259 2630; x_wconf 85' lang='lat' dir='ltr'>dc</span> <span class='ocrx_word' id='word_1_288' title='bbox 272 2576 360 2643; x_wconf 89' lang='lat' dir='ltr'>malo;</span> <span class='ocrx_word' id='word_1_289' title='bbox 562 2571 623 2625; x_wconf 79' lang='lat' dir='ltr'>clia.</span> <span class='ocrx_word' id='word_1_290' title='bbox 993 2573 1177 2629; x_wconf 87' lang='lat' dir='ltr'>testimonium</span> <span class='ocrx_word' id='word_1_291' title='bbox 1405 2576 1507 2632; x_wconf 87' lang='lat' dir='ltr'>Pilatus</span> <span class='ocrx_word' id='word_1_292' title='bbox 1520 2576 1554 2632; x_wconf 91' lang='lat' dir='ltr'>ad</span> 
     </span>
    </p>

    <p class='ocr_par' dir='ltr' id='par_1_21' title="bbox 141 2640 1603 2932">
     <span class='ocr_line' id='line_1_34' title="bbox 142 2640 1546 2713; baseline 0.003 -15"><span class='ocrx_word' id='word_1_293' title='bbox 142 2643 167 2699; x_wconf 89' lang='lat' dir='ltr'>si</span> <span class='ocrx_word' id='word_1_294' title='bbox 182 2653 273 2700; x_wconf 83' lang='lat' dir='ltr'>autem</span> <span class='ocrx_word' id='word_1_295' title='bbox 290 2648 347 2705; x_wconf 75' lang='lat' dir='ltr'>lte.</span> <span class='ocrx_word' id='word_1_296' title='bbox 563 2641 609 2697; x_wconf 74' lang='lat'>29.</span> <span class='ocrx_word' id='word_1_297' title='bbox 630 2640 702 2695; x_wconf 79' lang='lat' dir='ltr'>Exiit</span> <span class='ocrx_word' id='word_1_298' title='bbox 717 2648 807 2707; x_wconf 80' lang='lat' dir='ltr'>autern</span> <span class='ocrx_word' id='word_1_299' title='bbox 1010 2644 1148 2700; x_wconf 81' lang='lat' dir='ltr'>erlrilicdc</span> <span class='ocrx_word' id='word_1_300' title='bbox 1163 2660 1219 2700; x_wconf 90' lang='lat' dir='ltr'>ma·</span> <span class='ocrx_word' id='word_1_301' title='bbox 1406 2663 1453 2705; x_wconf 85' lang='lat' dir='ltr'>eos</span> <span class='ocrx_word' id='word_1_302' title='bbox 1464 2647 1546 2713; x_wconf 88' lang='lat' dir='ltr'>loras,</span> 
     </span>
     <span class='ocr_line' id='line_1_35' title="bbox 143 2659 1569 2859; baseline 0.004 -19"><span class='ocrx_word' id='word_1_303' title='bbox 143 2716 327 2842; x_wconf 67' lang='lat' dir='ltr'>rasitata</span> <span class='ocrx_word' id='word_1_304' title='bbox 563 2711 804 2839; x_wconf 53' lang='lat' dir='ltr'>irritasti.</span> <span class='ocrx_word' id='word_1_305' title='bbox 991 2659 1178 2858; x_wconf 71' lang='lat' dir='ltr'>italiae</span> <span class='ocrx_word' id='word_1_306' title='bbox 1405 2719 1569 2859; x_wconf 75' lang='lat' dir='ltr'>sinin</span> 
     </span>
     <span class='ocr_line' id='line_1_36' title="bbox 141 2853 1603 2932; baseline 0.003 -23"><span class='ocrx_word' id='word_1_307' title='bbox 141 2856 190 2912; x_wconf 76' lang='lat' dir='ltr'>et.</span> <span class='ocrx_word' id='word_1_308' title='bbox 211 2858 284 2914; x_wconf 82' lang='lat' dir='ltr'>ilisit</span> <span class='ocrx_word' id='word_1_309' title='bbox 306 2874 370 2932; x_wconf 70' lang='lat' dir='ltr'>ergn</span> <span class='ocrx_word' id='word_1_310' title='bbox 383 2858 416 2916; x_wconf 86' lang='lat' dir='ltr'>ii-</span> <span class='ocrx_word' id='word_1_311' title='bbox 564 2855 603 2909; x_wconf 84' lang='lat' dir='ltr'>sit</span> <span class='ocrx_word' id='word_1_312' title='bbox 617 2872 623 2907; x_wconf 92' lang='lat'>:</span> <span class='ocrx_word' id='word_1_313' title='bbox 638 2853 725 2920; x_wconf 85' lang='lat' dir='ltr'>Quam</span> <span class='ocrx_word' id='word_1_314' title='bbox 739 2868 782 2911; x_wconf 90' lang='lat' dir='ltr'>ae·</span> <span class='ocrx_word' id='word_1_315' title='bbox 993 2873 1036 2912; x_wconf 90' lang='lat' dir='ltr'>mc</span> <span class='ocrx_word' id='word_1_316' title='bbox 1048 2858 1156 2913; x_wconf 85' lang='lat' dir='ltr'>caedis?</span> <span class='ocrx_word' id='word_1_317' title='bbox 1406 2863 1538 2917; x_wconf 83' lang='lat' dir='ltr'>sationem</span> <span class='ocrx_word' id='word_1_318' title='bbox 1554 2858 1603 2914; x_wconf 92' lang='lat' dir='ltr'>ad·</span> 
     </span>
    </p>

    <p class='ocr_par' dir='ltr' id='par_1_22' title="bbox 141 2926 1623 3059">
     <span class='ocr_line' id='line_1_37' title="bbox 142 2926 1623 3007; baseline 0.007 -28"><span class='ocrx_word' id='word_1_319' title='bbox 142 2927 199 2983; x_wconf 90' lang='lat' dir='ltr'>lum</span> <span class='ocrx_word' id='word_1_320' title='bbox 215 2928 294 2986; x_wconf 77' lang='lat' dir='ltr'>Anna</span> <span class='ocrx_word' id='word_1_321' title='bbox 563 2926 731 3007; x_wconf 90' lang='lat' dir='ltr'>cusationem</span> <span class='ocrx_word' id='word_1_322' title='bbox 991 2928 1037 2983; x_wconf 72' lang='lat'>26.</span> <span class='ocrx_word' id='word_1_323' title='bbox 1058 2930 1131 2985; x_wconf 82' lang='lat' dir='ltr'>Misit</span> <span class='ocrx_word' id='word_1_324' title='bbox 1144 2945 1209 3003; x_wconf 68' lang='lat' dir='ltr'>erpo</span> <span class='ocrx_word' id='word_1_325' title='bbox 1406 2932 1623 2989; x_wconf 80' lang='lat' dir='ltr'>tertisadrersus</span> 
     </span>
     <span class='ocr_line' id='line_1_38' title="bbox 141 2995 1543 3059; baseline 0.006 -10"><span class='ocrx_word' id='word_1_326' title='bbox 141 3000 263 3055; x_wconf 81' lang='lat' dir='ltr'>rinctnnr</span> <span class='ocrx_word' id='word_1_327' title='bbox 274 3001 308 3056; x_wconf 80' lang='lat' dir='ltr'>nd</span> <span class='ocrx_word' id='word_1_328' title='bbox 561 2997 672 3057; x_wconf 82' lang='lat' dir='ltr'>adicitis</span> <span class='ocrx_word' id='word_1_329' title='bbox 686 2995 720 3055; x_wconf 82' lang='lat' dir='ltr'>ta</span> <span class='ocrx_word' id='word_1_330' title='bbox 991 3014 1052 3054; x_wconf 89' lang='lat' dir='ltr'>euni</span> <span class='ocrx_word' id='word_1_331' title='bbox 1070 3000 1161 3057; x_wconf 78' lang='lat' dir='ltr'>Annas</span> <span class='ocrx_word' id='word_1_332' title='bbox 1405 3003 1543 3059; x_wconf 87' lang='lat' dir='ltr'>hominem</span> 
     </span>
    </p>

    <p class='ocr_par' dir='ltr' id='par_1_23' title="bbox 142 3065 1803 3274">
     <span class='ocr_line' id='line_1_39' title="bbox 142 3065 1803 3140; baseline 0.008 -22"><span class='ocrx_word' id='word_1_333' title='bbox 142 3067 262 3140; x_wconf 72' lang='lat' dir='ltr'>caiphan</span> <span class='ocrx_word' id='word_1_334' title='bbox 279 3072 356 3127; x_wconf 77' lang='lat' dir='ltr'>Prin.</span> <span class='ocrx_word' id='word_1_335' title='bbox 562 3065 614 3121; x_wconf 85' lang='lat' dir='ltr'>hoc</span> <span class='ocrx_word' id='word_1_336' title='bbox 625 3066 749 3124; x_wconf 74' lang='lat' dir='ltr'>homine?</span> <span class='ocrx_word' id='word_1_337' title='bbox 991 3072 1110 3126; x_wconf 83' lang='lat' dir='ltr'>vinctum</span> <span class='ocrx_word' id='word_1_338' title='bbox 1124 3073 1158 3129; x_wconf 86' lang='lat' dir='ltr'>ad</span> <span class='ocrx_word' id='word_1_339' title='bbox 1405 3075 1497 3130; x_wconf 81' lang='lat' dir='ltr'>hrainei</span> <span class='ocrx_word' id='word_1_340' title='bbox 1800 3106 1803 3111; x_wconf 95' lang='lat'>·</span> 
     </span>
     <span class='ocr_line' id='line_1_40' title="bbox 142 3137 1694 3217; baseline 0.001 -22"><span class='ocrx_word' id='word_1_341' title='bbox 142 3142 230 3210; x_wconf 85' lang='lat' dir='ltr'>cipern</span> <span class='ocrx_word' id='word_1_342' title='bbox 244 3142 342 3201; x_wconf 88' lang='lat' dir='ltr'>Sacer·</span> <span class='ocrx_word' id='word_1_343' title='bbox 561 3137 607 3193; x_wconf 77' lang='lat'>30.</span> <span class='ocrx_word' id='word_1_344' title='bbox 631 3137 789 3208; x_wconf 81' lang='lat' dir='ltr'>Responde·</span> <span class='ocrx_word' id='word_1_345' title='bbox 991 3142 1110 3212; x_wconf 79' lang='lat' dir='ltr'>caiphan</span> <span class='ocrx_word' id='word_1_346' title='bbox 1125 3161 1192 3216; x_wconf 89' lang='lat' dir='ltr'>pnn·</span> <span class='ocrx_word' id='word_1_347' title='bbox 1405 3148 1450 3203; x_wconf 75' lang='grc'>50.</span> <span class='ocrx_word' id='word_1_348' title='bbox 1473 3144 1694 3217; x_wconf 74' lang='lat' dir='ltr'>Responderunt,</span> 
     </span>
     <span class='ocr_line' id='line_1_41' title="bbox 143 3208 1571 3274; baseline 0.005 -9"><span class='ocrx_word' id='word_1_349' title='bbox 143 3211 250 3269; x_wconf 91' lang='lat' dir='ltr'>dotum.</span> <span class='ocrx_word' id='word_1_350' title='bbox 561 3220 624 3264; x_wconf 92' lang='lat' dir='ltr'>runt</span> <span class='ocrx_word' id='word_1_351' title='bbox 639 3208 751 3274; x_wconf 79' lang='lat' dir='ltr'>iudaei,</span> <span class='ocrx_word' id='word_1_352' title='bbox 992 3214 1103 3269; x_wconf 89' lang='lat' dir='ltr'>tillcem.</span> <span class='ocrx_word' id='word_1_353' title='bbox 1406 3229 1434 3272; x_wconf 91' lang='lat' dir='ltr'>et</span> <span class='ocrx_word' id='word_1_354' title='bbox 1445 3218 1571 3273; x_wconf 84' lang='lat' dir='ltr'>dixerunt</span> 
     </span>
    </p>

    <p class='ocr_par' dir='ltr' id='par_1_24' title="bbox 142 3282 1566 3362">
     <span class='ocr_line' id='line_1_42' title="bbox 142 3282 1566 3362; baseline 0.009 -30"><span class='ocrx_word' id='word_1_355' title='bbox 142 3282 189 3339; x_wconf 73' lang='lat'>25.</span> <span class='ocrx_word' id='word_1_356' title='bbox 211 3284 277 3351; x_wconf 73' lang='lat' dir='ltr'>Ernp</span> <span class='ocrx_word' id='word_1_357' title='bbox 290 3297 381 3347; x_wconf 64' lang='lat' dir='ltr'>aurern</span> <span class='ocrx_word' id='word_1_358' title='bbox 561 3289 588 3362; x_wconf 79' lang='lat' dir='ltr'>et</span> <span class='ocrx_word' id='word_1_359' title='bbox 602 3283 730 3336; x_wconf 81' lang='lat' dir='ltr'>dixerunt</span> <span class='ocrx_word' id='word_1_360' title='bbox 991 3285 1037 3341; x_wconf 77' lang='lat'>25.</span> <span class='ocrx_word' id='word_1_361' title='bbox 1058 3285 1121 3344; x_wconf 84' lang='lat' dir='ltr'>Erat</span> <span class='ocrx_word' id='word_1_362' title='bbox 1133 3296 1224 3345; x_wconf 81' lang='lat' dir='ltr'>etitem</span> <span class='ocrx_word' id='word_1_363' title='bbox 1405 3291 1430 3343; x_wconf 88' lang='lat' dir='ltr'>ei</span> <span class='ocrx_word' id='word_1_364' title='bbox 1447 3307 1453 3342; x_wconf 94' lang='lat'>:</span> <span class='ocrx_word' id='word_1_365' title='bbox 1469 3290 1496 3343; x_wconf 83' lang='lat' dir='ltr'>Si</span> <span class='ocrx_word' id='word_1_366' title='bbox 1512 3303 1566 3345; x_wconf 90' lang='lat' dir='ltr'>nou</span> 
     </span>
    </p>

    <p class='ocr_par' dir='ltr' id='par_1_25' title="bbox 142 3351 1535 3421">
     <span class='ocr_line' id='line_1_43' title="bbox 142 3351 1535 3421; baseline 0.004 -13"><span class='ocrx_word' id='word_1_367' title='bbox 142 3356 236 3409; x_wconf 83' lang='lat' dir='ltr'>Simon</span> <span class='ocrx_word' id='word_1_368' title='bbox 250 3355 347 3413; x_wconf 84' lang='lat' dir='ltr'>Petrus</span> <span class='ocrx_word' id='word_1_369' title='bbox 561 3351 621 3408; x_wconf 81' lang='lat' dir='ltr'>illi:</span> <span class='ocrx_word' id='word_1_370' title='bbox 637 3351 666 3407; x_wconf 82' lang='lat' dir='ltr'>si</span> <span class='ocrx_word' id='word_1_371' title='bbox 681 3366 792 3409; x_wconf 77' lang='lat' dir='ltr'>tiones·</span> <span class='ocrx_word' id='word_1_372' title='bbox 992 3357 1085 3412; x_wconf 88' lang='lat' dir='ltr'>Simon</span> <span class='ocrx_word' id='word_1_373' title='bbox 1101 3356 1197 3421; x_wconf 85' lang='lat' dir='ltr'>Petrus</span> <span class='ocrx_word' id='word_1_374' title='bbox 1405 3370 1478 3414; x_wconf 88' lang='lat' dir='ltr'>esset</span> <span class='ocrx_word' id='word_1_375' title='bbox 1488 3360 1535 3414; x_wconf 85' lang='lat' dir='ltr'>trie</span> 
     </span>
    </p>

    <p class='ocr_par' dir='ltr' id='par_1_26' title="bbox 142 3423 1573 3494">
     <span class='ocr_line' id='line_1_44' title="bbox 142 3423 1573 3494; baseline 0.003 -15"><span class='ocrx_word' id='word_1_376' title='bbox 142 3435 230 3493; x_wconf 87' lang='lat' dir='ltr'>stans,</span> <span class='ocrx_word' id='word_1_377' title='bbox 247 3435 275 3482; x_wconf 92' lang='lat' dir='ltr'>et</span> <span class='ocrx_word' id='word_1_378' title='bbox 289 3426 346 3482; x_wconf 90' lang='lat' dir='ltr'>cal·</span> <span class='ocrx_word' id='word_1_379' title='bbox 561 3432 604 3477; x_wconf 86' lang='lat' dir='ltr'>set</span> <span class='ocrx_word' id='word_1_380' title='bbox 619 3423 756 3480; x_wconf 79' lang='lat' dir='ltr'>nralelaci-</span> <span class='ocrx_word' id='word_1_381' title='bbox 991 3436 1077 3493; x_wconf 85' lang='lat' dir='ltr'>stans,</span> <span class='ocrx_word' id='word_1_382' title='bbox 1093 3436 1121 3481; x_wconf 89' lang='lat' dir='ltr'>et</span> <span class='ocrx_word' id='word_1_383' title='bbox 1133 3429 1205 3485; x_wconf 85' lang='lat' dir='ltr'>cals-</span> <span class='ocrx_word' id='word_1_384' title='bbox 1405 3428 1573 3494; x_wconf 79' lang='lat' dir='ltr'>malefactor,</span> 
     </span>
    </p>

    <p class='ocr_par' dir='ltr' id='par_1_27' title="bbox 145 3494 1519 3558">
     <span class='ocr_line' id='line_1_45' title="bbox 145 3494 1519 3558; baseline 0.004 -10"><span class='ocrx_word' id='word_1_385' title='bbox 145 3497 238 3552; x_wconf 88' lang='lat' dir='ltr'>ticiens</span> <span class='ocrx_word' id='word_1_386' title='bbox 251 3498 326 3555; x_wconf 81' lang='lat' dir='ltr'>seed</span> <span class='ocrx_word' id='word_1_387' title='bbox 561 3508 610 3548; x_wconf 90' lang='lat' dir='ltr'>ens</span> <span class='ocrx_word' id='word_1_388' title='bbox 625 3494 679 3558; x_wconf 81' lang='lat' dir='ltr'>liic,</span> <span class='ocrx_word' id='word_1_389' title='bbox 692 3509 769 3548; x_wconf 91' lang='lat' dir='ltr'>num·</span> <span class='ocrx_word' id='word_1_390' title='bbox 991 3497 1092 3551; x_wconf 85' lang='lat' dir='ltr'>taciens</span> <span class='ocrx_word' id='word_1_391' title='bbox 1107 3515 1147 3554; x_wconf 88' lang='lat' dir='ltr'>sc.</span> <span class='ocrx_word' id='word_1_392' title='bbox 1406 3516 1459 3556; x_wconf 90' lang='lat' dir='ltr'>non</span> <span class='ocrx_word' id='word_1_393' title='bbox 1472 3500 1519 3555; x_wconf 88' lang='lat' dir='ltr'>tibi</span> 
     </span>
    </p>

    <p class='ocr_par' dir='ltr' id='par_1_28' title="bbox 142 3564 1575 3711">
     <span class='ocr_line' id='line_1_46' title="bbox 142 3564 1575 3638; baseline 0.006 -23"><span class='ocrx_word' id='word_1_394' title='bbox 142 3565 244 3638; x_wconf 70' lang='lat' dir='ltr'>ignem,</span> <span class='ocrx_word' id='word_1_395' title='bbox 561 3579 640 3634; x_wconf 82' lang='lat' dir='ltr'>quam</span> <span class='ocrx_word' id='word_1_396' title='bbox 657 3564 731 3619; x_wconf 90' lang='lat' dir='ltr'>illum</span> <span class='ocrx_word' id='word_1_397' title='bbox 991 3569 1122 3622; x_wconf 80' lang='lat' dir='ltr'>liixernot</span> <span class='ocrx_word' id='word_1_398' title='bbox 1405 3571 1575 3626; x_wconf 89' lang='lat' dir='ltr'>traderemus</span> 
     </span>
     <span class='ocr_line' id='line_1_47' title="bbox 144 3634 1478 3711; baseline 0.003 -19"><span class='ocrx_word' id='word_1_399' title='bbox 144 3639 276 3695; x_wconf 79' lang='lat' dir='ltr'>itincrnnt</span> <span class='ocrx_word' id='word_1_400' title='bbox 290 3655 354 3711; x_wconf 74' lang='lat' dir='ltr'>erge</span> <span class='ocrx_word' id='word_1_401' title='bbox 562 3634 718 3691; x_wconf 85' lang='lat' dir='ltr'>tradidisse·</span> <span class='ocrx_word' id='word_1_402' title='bbox 991 3639 1090 3708; x_wconf 73' lang='lat' dir='ltr'>ergoet</span> <span class='ocrx_word' id='word_1_403' title='bbox 1105 3657 1112 3692; x_wconf 80' lang='lat' dir='ltr'>z</span> <span class='ocrx_word' id='word_1_404' title='bbox 1130 3639 1212 3697; x_wconf 85' lang='lat' dir='ltr'>Num·</span> <span class='ocrx_word' id='word_1_405' title='bbox 1405 3657 1478 3696; x_wconf 81' lang='lat' dir='ltr'>erun</span> 
     </span>
    </p>

    <p class='ocr_par' dir='ltr' id='par_1_29' title="bbox 144 3709 1595 3779">
     <span class='ocr_line' id='line_1_48' title="bbox 144 3709 1595 3779; baseline 0.004 -20"><span class='ocrx_word' id='word_1_406' title='bbox 144 3709 182 3763; x_wconf 88' lang='lat' dir='ltr'>illi</span> <span class='ocrx_word' id='word_1_407' title='bbox 198 3728 205 3763; x_wconf 87' lang='lat'>:</span> <span class='ocrx_word' id='word_1_408' title='bbox 221 3711 356 3779; x_wconf 73' lang='lat' dir='ltr'>Numquid</span> <span class='ocrx_word' id='word_1_409' title='bbox 561 3721 632 3762; x_wconf 83' lang='lat' dir='ltr'>mus.</span> <span class='ocrx_word' id='word_1_410' title='bbox 990 3709 1054 3779; x_wconf 82' lang='lat' dir='ltr'>(pitid</span> <span class='ocrx_word' id='word_1_411' title='bbox 1068 3718 1136 3767; x_wconf 84' lang='lat' dir='ltr'>etltl</span> <span class='ocrx_word' id='word_1_412' title='bbox 1405 3712 1450 3767; x_wconf 75' lang='grc'>51.</span> <span class='ocrx_word' id='word_1_413' title='bbox 1474 3710 1595 3768; x_wconf 76' lang='lat' dir='ltr'>Diciieis</span> 
     </span>
    </p>

    <p class='ocr_par' dir='ltr' id='par_1_30' title="bbox 143 3776 1593 3851">
     <span class='ocr_line' id='line_1_49' title="bbox 143 3776 1593 3851; baseline 0.002 -17"><span class='ocrx_word' id='word_1_414' title='bbox 143 3790 169 3834; x_wconf 90' lang='lat' dir='ltr'>ct</span> <span class='ocrx_word' id='word_1_415' title='bbox 184 3788 213 3835; x_wconf 89' lang='lat' dir='ltr'>tu</span> <span class='ocrx_word' id='word_1_416' title='bbox 229 3798 298 3837; x_wconf 92' lang='lat' dir='ltr'>unus</span> <span class='ocrx_word' id='word_1_417' title='bbox 312 3799 343 3838; x_wconf 88' lang='lat' dir='ltr'>es</span> <span class='ocrx_word' id='word_1_418' title='bbox 561 3777 606 3832; x_wconf 76' lang='grc'>51.</span> <span class='ocrx_word' id='word_1_419' title='bbox 627 3778 672 3833; x_wconf 81' lang='lat' dir='ltr'>dit</span> <span class='ocrx_word' id='word_1_420' title='bbox 686 3776 737 3833; x_wconf 89' lang='lat' dir='ltr'>illis</span> <span class='ocrx_word' id='word_1_421' title='bbox 752 3776 873 3834; x_wconf 81' lang='lat' dir='ltr'>Pilatus:</span> <span class='ocrx_word' id='word_1_422' title='bbox 991 3795 1024 3836; x_wconf 84' lang='lat' dir='ltr'>et</span> <span class='ocrx_word' id='word_1_423' title='bbox 1038 3780 1178 3851; x_wconf 86' lang='lat' dir='ltr'>discipulis</span> <span class='ocrx_word' id='word_1_424' title='bbox 1406 3783 1526 3839; x_wconf 83' lang='lat' dir='ltr'>Pilatus:</span> <span class='ocrx_word' id='word_1_425' title='bbox 1540 3781 1593 3838; x_wconf 77' lang='lat' dir='ltr'>Ao-</span> 
     </span>
    </p>

    <p class='ocr_par' dir='ltr' id='par_1_31' title="bbox 142 3848 1559 3978">
     <span class='ocr_line' id='line_1_50' title="bbox 142 3848 1559 3978; baseline 0.004 -75"><span class='ocrx_word' id='word_1_426' title='bbox 142 3848 177 3930; x_wconf 78' lang='lat' dir='ltr'>dc</span> <span class='ocrx_word' id='word_1_427' title='bbox 192 3853 334 3920; x_wconf 86' lang='lat' dir='ltr'>discipulis</span> <span class='ocrx_word' id='word_1_428' title='bbox 562 3849 683 3918; x_wconf 83' lang='lat' dir='ltr'>decipite</span> <span class='ocrx_word' id='word_1_429' title='bbox 695 3848 771 3903; x_wconf 91' lang='lat' dir='ltr'>illurn</span> <span class='ocrx_word' id='word_1_430' title='bbox 990 3852 1049 3978; x_wconf 64' lang='lat' dir='ltr'>iius</span> <span class='ocrx_word' id='word_1_431' title='bbox 1063 3854 1111 3908; x_wconf 87' lang='lat' dir='ltr'>esi</span> <span class='ocrx_word' id='word_1_432' title='bbox 1406 3855 1487 3925; x_wconf 87' lang='lat' dir='ltr'>cipite</span> <span class='ocrx_word' id='word_1_433' title='bbox 1498 3871 1559 3909; x_wconf 89' lang='lat' dir='ltr'>cunr</span> 
     </span>
    </p>

    <p class='ocr_par' dir='ltr' id='par_1_32' title="bbox 142 3923 1594 4063">
     <span class='ocr_line' id='line_1_51' title="bbox 144 3923 1594 3993; baseline 0.003 -18"><span class='ocrx_word' id='word_1_434' title='bbox 144 3923 224 3988; x_wconf 74' lang='lat' dir='ltr'>eins?</span> <span class='ocrx_word' id='word_1_435' title='bbox 239 3924 279 3978; x_wconf 81' lang='lat' dir='ltr'>dd</span> <span class='ocrx_word' id='word_1_436' title='bbox 294 3925 339 3979; x_wconf 86' lang='lat' dir='ltr'>itte</span> <span class='ocrx_word' id='word_1_437' title='bbox 354 3940 401 3981; x_wconf 89' lang='lat' dir='ltr'>ne·</span> <span class='ocrx_word' id='word_1_438' title='bbox 560 3934 625 3989; x_wconf 77' lang='lat' dir='ltr'>ergo</span> <span class='ocrx_word' id='word_1_439' title='bbox 636 3935 695 3984; x_wconf 77' lang='lat' dir='ltr'>tos,</span> <span class='ocrx_word' id='word_1_440' title='bbox 712 3930 739 3975; x_wconf 89' lang='lat' dir='ltr'>et</span> <span class='ocrx_word' id='word_1_441' title='bbox 1015 3923 1172 3993; x_wconf 77' lang='lat' dir='ltr'>enarrante,</span> <span class='ocrx_word' id='word_1_442' title='bbox 1408 3940 1467 3991; x_wconf 86' lang='lat' dir='ltr'>vos,</span> <span class='ocrx_word' id='word_1_443' title='bbox 1482 3937 1509 3981; x_wconf 92' lang='lat' dir='ltr'>et</span> <span class='ocrx_word' id='word_1_444' title='bbox 1522 3940 1566 3981; x_wconf 88' lang='lat' dir='ltr'>sc-</span> <span class='ocrx_word' id='word_1_445' title='bbox 1587 3927 1594 3936; x_wconf 89' lang='lat'>&#39;</span> 
     </span>
     <span class='ocr_line' id='line_1_52' title="bbox 142 3989 1581 4063; baseline 0.001 -13"><span class='ocrx_word' id='word_1_446' title='bbox 142 3994 227 4063; x_wconf 75' lang='lat' dir='ltr'>sarit,</span> <span class='ocrx_word' id='word_1_447' title='bbox 241 3994 347 4053; x_wconf 82' lang='lat' dir='ltr'>etdisit</span> <span class='ocrx_word' id='word_1_448' title='bbox 362 4014 369 4052; x_wconf 73' lang='grc' dir='ltr'>ι</span> <span class='ocrx_word' id='word_1_449' title='bbox 559 3989 706 4047; x_wconf 85' lang='lat' dir='ltr'>secundun</span> <span class='ocrx_word' id='word_1_450' title='bbox 991 4005 1018 4048; x_wconf 88' lang='lat' dir='ltr'>et</span> <span class='ocrx_word' id='word_1_451' title='bbox 1032 3995 1116 4052; x_wconf 87' lang='lat' dir='ltr'>dixit:</span> <span class='ocrx_word' id='word_1_452' title='bbox 1128 3999 1188 4054; x_wconf 79' lang='lat' dir='ltr'>Non</span> <span class='ocrx_word' id='word_1_453' title='bbox 1408 3997 1525 4057; x_wconf 90' lang='lat' dir='ltr'>cundum</span> <span class='ocrx_word' id='word_1_454' title='bbox 1541 3999 1581 4053; x_wconf 88' lang='lat' dir='ltr'>lc-</span> 
     </span>
    </p>
   </div>
   <div class='ocr_carea' id='block_1_4' title="bbox 799 4106 1129 4167">
    <p class='ocr_par' dir='ltr' id='par_1_33' title="bbox 799 4106 1129 4167">
     <span class='ocr_line' id='line_1_53' title="bbox 799 4106 1129 4167; baseline 0.009 -3"><span class='ocrx_word' id='word_1_455' title='bbox 799 4106 915 4167; x_wconf 78' lang='lat' dir='ltr'>CODEX</span> <span class='ocrx_word' id='word_1_456' title='bbox 933 4109 1129 4167; x_wconf 76' lang='lat' dir='ltr'>BRleANUS.</span> 
     </span>
    </p>
   </div>
   <div class='ocr_carea' id='block_1_5' title="bbox 140 4203 1790 5132">
    <p class='ocr_par' dir='ltr' id='par_1_34' title="bbox 140 4203 1790 5056">
     <span class='ocr_line' id='line_1_54' title="bbox 143 4203 1790 4279; baseline -0.005 -16"><span class='ocrx_word' id='word_1_457' title='bbox 143 4205 836 4279; x_wconf 67' lang='lat' dir='ltr'>liuicmundaturusemperdocuiiuSynagogaetin</span> <span class='ocrx_word' id='word_1_458' title='bbox 845 4205 945 4275; x_wconf 87' lang='lat' dir='ltr'>templo</span> <span class='ocrx_word' id='word_1_459' title='bbox 998 4208 1066 4271; x_wconf 81' lang='lat' dir='ltr'>llicit</span> <span class='ocrx_word' id='word_1_460' title='bbox 1080 4224 1150 4271; x_wconf 83' lang='lat' dir='ltr'>unus</span> <span class='ocrx_word' id='word_1_461' title='bbox 1160 4223 1195 4263; x_wconf 83' lang='lat' dir='ltr'>er</span> <span class='ocrx_word' id='word_1_462' title='bbox 1210 4207 1297 4275; x_wconf 81' lang='lat' dir='ltr'>serris</span> <span class='ocrx_word' id='word_1_463' title='bbox 1310 4207 1444 4278; x_wconf 83' lang='lat' dir='ltr'>Principis</span> <span class='ocrx_word' id='word_1_464' title='bbox 1457 4203 1646 4262; x_wconf 83' lang='lat' dir='ltr'>sacerdotnm.</span> <span class='ocrx_word' id='word_1_465' title='bbox 1660 4208 1790 4270; x_wconf 75' lang='lat' dir='ltr'>cognatus</span> 
     </span>
     <span class='ocr_line' id='line_1_55' title="bbox 141 4272 1789 4349; baseline -0.004 -14"><span class='ocrx_word' id='word_1_466' title='bbox 141 4277 816 4341; x_wconf 80' lang='lat' dir='ltr'>utiiomueslndaeicoriueuinni.etiiioccnltonon</span> <span class='ocrx_word' id='word_1_467' title='bbox 829 4292 889 4331; x_wconf 92' lang='lat' dir='ltr'>sum</span> <span class='ocrx_word' id='word_1_468' title='bbox 902 4282 943 4333; x_wconf 90' lang='lat' dir='ltr'>to·</span> <span class='ocrx_word' id='word_1_469' title='bbox 997 4279 1066 4347; x_wconf 87' lang='lat' dir='ltr'>ejus.</span> <span class='ocrx_word' id='word_1_470' title='bbox 1082 4279 1159 4349; x_wconf 80' lang='lat' dir='ltr'>cnjm</span> <span class='ocrx_word' id='word_1_471' title='bbox 1171 4280 1286 4343; x_wconf 76' lang='lat' dir='ltr'>abscidit</span> <span class='ocrx_word' id='word_1_472' title='bbox 1300 4279 1395 4333; x_wconf 85' lang='lat' dir='ltr'>Petrus</span> <span class='ocrx_word' id='word_1_473' title='bbox 1409 4277 1568 4334; x_wconf 75' lang='lat' dir='ltr'>intricatam.</span> <span class='ocrx_word' id='word_1_474' title='bbox 1589 4272 1685 4329; x_wconf 75' lang='lat' dir='ltr'>Narone</span> <span class='ocrx_word' id='word_1_475' title='bbox 1699 4286 1749 4342; x_wconf 73' lang='lat' dir='ltr'>ego</span> <span class='ocrx_word' id='word_1_476' title='bbox 1763 4281 1789 4333; x_wconf 77' lang='lat' dir='ltr'>ts</span> 
     </span>
     <span class='ocr_line' id='line_1_56' title="bbox 142 4345 1787 4421; baseline -0.007 -12"><span class='ocrx_word' id='word_1_477' title='bbox 142 4346 803 4421; x_wconf 76' lang='lat' dir='ltr'>rutrtsrpuidnuanr.Quidnieinterrogaslntcrrn</span> <span class='ocrx_word' id='word_1_478' title='bbox 824 4349 944 4418; x_wconf 81' lang='lat' dir='ltr'>aeosnui</span> <span class='ocrx_word' id='word_1_479' title='bbox 998 4352 1050 4406; x_wconf 84' lang='lat' dir='ltr'>ridi</span> <span class='ocrx_word' id='word_1_480' title='bbox 1066 4352 1092 4407; x_wconf 90' lang='lat' dir='ltr'>in</span> <span class='ocrx_word' id='word_1_481' title='bbox 1109 4351 1189 4413; x_wconf 84' lang='lat' dir='ltr'>hortu</span> <span class='ocrx_word' id='word_1_482' title='bbox 1203 4365 1263 4405; x_wconf 80' lang='lat' dir='ltr'>cirin</span> <span class='ocrx_word' id='word_1_483' title='bbox 1279 4347 1336 4411; x_wconf 84' lang='lat' dir='ltr'>iitrr.</span> <span class='ocrx_word' id='word_1_484' title='bbox 1360 4347 1458 4403; x_wconf 87' lang='lat' dir='ltr'>lterum</span> <span class='ocrx_word' id='word_1_485' title='bbox 1476 4363 1540 4417; x_wconf 72' lang='lat' dir='ltr'>ergo</span> <span class='ocrx_word' id='word_1_486' title='bbox 1557 4345 1664 4414; x_wconf 76' lang='lat' dir='ltr'>inegerit</span> <span class='ocrx_word' id='word_1_487' title='bbox 1680 4345 1787 4397; x_wconf 78' lang='lat' dir='ltr'>tenni.</span> 
     </span>
     <span class='ocr_line' id='line_1_57' title="bbox 142 4363 1788 4495; baseline -0.006 -18"><span class='ocrx_word' id='word_1_488' title='bbox 142 4424 352 4483; x_wconf 79' lang='lat' dir='ltr'>urearrdrcrnnt.</span> <span class='ocrx_word' id='word_1_489' title='bbox 366 4423 431 4495; x_wconf 84' lang='lat' dir='ltr'>qnid</span> <span class='ocrx_word' id='word_1_490' title='bbox 449 4423 502 4476; x_wconf 90' lang='lat' dir='ltr'>iltis</span> <span class='ocrx_word' id='word_1_491' title='bbox 516 4436 575 4477; x_wconf 82' lang='lat' dir='ltr'>suan</span> <span class='ocrx_word' id='word_1_492' title='bbox 592 4420 710 4474; x_wconf 89' lang='lat' dir='ltr'>locutus.</span> <span class='ocrx_word' id='word_1_493' title='bbox 732 4363 840 4485; x_wconf 64' lang='lat' dir='ltr'>cccciii</span> <span class='ocrx_word' id='word_1_494' title='bbox 855 4421 946 4476; x_wconf 86' lang='lat' dir='ltr'>sciant</span> <span class='ocrx_word' id='word_1_495' title='bbox 996 4431 1025 4478; x_wconf 90' lang='lat' dir='ltr'>et</span> <span class='ocrx_word' id='word_1_496' title='bbox 1038 4423 1129 4479; x_wconf 75' lang='lat' dir='ltr'>startirn</span> <span class='ocrx_word' id='word_1_497' title='bbox 1143 4420 1368 4492; x_wconf 75' lang='lat' dir='ltr'>gallrrsonntarit.</span> <span class='ocrx_word' id='word_1_498' title='bbox 1387 4418 1425 4473; x_wconf 87' lang='lat' dir='ltr'>lili</span> <span class='ocrx_word' id='word_1_499' title='bbox 1441 4431 1529 4473; x_wconf 85' lang='lat' dir='ltr'>autern</span> <span class='ocrx_word' id='word_1_500' title='bbox 1544 4416 1679 4471; x_wconf 78' lang='lat' dir='ltr'>aditurum</span> <span class='ocrx_word' id='word_1_501' title='bbox 1695 4414 1788 4495; x_wconf 72' lang='lat' dir='ltr'>leuare</span> 
     </span>
     <span class='ocr_line' id='line_1_58' title="bbox 161 4488 1788 4568; baseline -0.003 -22"><span class='ocrx_word' id='word_1_502' title='bbox 161 4509 212 4549; x_wconf 84' lang='lat' dir='ltr'>uae</span> <span class='ocrx_word' id='word_1_503' title='bbox 226 4494 341 4553; x_wconf 81' lang='lat' dir='ltr'>dixerim</span> <span class='ocrx_word' id='word_1_504' title='bbox 356 4508 418 4565; x_wconf 71' lang='lat' dir='ltr'>ego.</span> <span class='ocrx_word' id='word_1_505' title='bbox 439 4493 512 4550; x_wconf 64' lang='lat' dir='ltr'>Hence</span> <span class='ocrx_word' id='word_1_506' title='bbox 531 4499 622 4553; x_wconf 75' lang='lat' dir='ltr'>anitum</span> <span class='ocrx_word' id='word_1_507' title='bbox 645 4505 705 4544; x_wconf 89' lang='lat' dir='ltr'>curu</span> <span class='ocrx_word' id='word_1_508' title='bbox 727 4491 852 4547; x_wconf 81' lang='lat' dir='ltr'>dixisset.</span> <span class='ocrx_word' id='word_1_509' title='bbox 874 4507 944 4553; x_wconf 82' lang='lat' dir='ltr'>tirius</span> <span class='ocrx_word' id='word_1_510' title='bbox 996 4494 1029 4547; x_wconf 91' lang='lat' dir='ltr'>ad</span> <span class='ocrx_word' id='word_1_511' title='bbox 1045 4491 1159 4558; x_wconf 72' lang='lat' dir='ltr'>Caiplrn</span> <span class='ocrx_word' id='word_1_512' title='bbox 1181 4492 1208 4546; x_wconf 91' lang='lat' dir='ltr'>in</span> <span class='ocrx_word' id='word_1_513' title='bbox 1224 4489 1373 4561; x_wconf 80' lang='lat' dir='ltr'>prauorio.</span> <span class='ocrx_word' id='word_1_514' title='bbox 1394 4488 1460 4545; x_wconf 82' lang='lat' dir='ltr'>Erat</span> <span class='ocrx_word' id='word_1_515' title='bbox 1473 4495 1562 4543; x_wconf 72' lang='lat' dir='ltr'>:ruteni</span> <span class='ocrx_word' id='word_1_516' title='bbox 1579 4502 1669 4543; x_wconf 84' lang='lat' dir='ltr'>mane.</span> <span class='ocrx_word' id='word_1_517' title='bbox 1682 4493 1721 4568; x_wconf 79' lang='lat' dir='ltr'>¹et</span> <span class='ocrx_word' id='word_1_518' title='bbox 1737 4498 1788 4553; x_wconf 65' lang='grc' dir='ltr'>ψει</span> 
     </span>
     <span class='ocr_line' id='line_1_59' title="bbox 140 4509 1789 4633; baseline -0.006 -14"><span class='ocrx_word' id='word_1_519' title='bbox 140 4509 178 4619; x_wconf 60' lang='lat' dir='ltr'>ie</span> <span class='ocrx_word' id='word_1_520' title='bbox 199 4563 372 4620; x_wconf 81' lang='lat' dir='ltr'>adstantibus</span> <span class='ocrx_word' id='word_1_521' title='bbox 396 4564 538 4621; x_wconf 83' lang='lat' dir='ltr'>ministris.</span> <span class='ocrx_word' id='word_1_522' title='bbox 564 4564 671 4632; x_wconf 88' lang='lat' dir='ltr'>alapam</span> <span class='ocrx_word' id='word_1_523' title='bbox 695 4565 829 4631; x_wconf 83' lang='lat' dir='ltr'>percussit</span> <span class='ocrx_word' id='word_1_524' title='bbox 850 4561 942 4621; x_wconf 81' lang='lat' dir='ltr'>tenni</span> <span class='ocrx_word' id='word_1_525' title='bbox 997 4579 1050 4621; x_wconf 91' lang='lat' dir='ltr'>non</span> <span class='ocrx_word' id='word_1_526' title='bbox 1065 4563 1265 4621; x_wconf 87' lang='lat' dir='ltr'>introieruntin</span> <span class='ocrx_word' id='word_1_527' title='bbox 1283 4561 1449 4628; x_wconf 78' lang='lat' dir='ltr'>praetorium.</span> <span class='ocrx_word' id='word_1_528' title='bbox 1465 4567 1557 4616; x_wconf 83' lang='lat' dir='ltr'>utrinn</span> <span class='ocrx_word' id='word_1_529' title='bbox 1572 4569 1789 4633; x_wconf 78' lang='lat' dir='ltr'>coritannnareu·</span> 
     </span>
     <span class='ocr_line' id='line_1_60' title="bbox 141 4624 1788 4704; baseline -0.007 -14"><span class='ocrx_word' id='word_1_530' title='bbox 141 4634 248 4693; x_wconf 83' lang='lat' dir='ltr'>dicans.</span> <span class='ocrx_word' id='word_1_531' title='bbox 262 4634 308 4692; x_wconf 86' lang='lat' dir='ltr'>Sic</span> <span class='ocrx_word' id='word_1_532' title='bbox 324 4634 469 4701; x_wconf 86' lang='lat' dir='ltr'>respondis</span> <span class='ocrx_word' id='word_1_533' title='bbox 482 4634 600 4701; x_wconf 78' lang='lat' dir='ltr'>Principii</span> <span class='ocrx_word' id='word_1_534' title='bbox 614 4633 800 4691; x_wconf 72' lang='lat' dir='ltr'>sacerdotnm.</span> <span class='ocrx_word' id='word_1_535' title='bbox 820 4634 944 4703; x_wconf 86' lang='lat' dir='ltr'>llespnn-</span> <span class='ocrx_word' id='word_1_536' title='bbox 996 4643 1049 4693; x_wconf 90' lang='lat' dir='ltr'>tnr.</span> <span class='ocrx_word' id='word_1_537' title='bbox 1067 4634 1113 4689; x_wconf 90' lang='lat' dir='ltr'>sed</span> <span class='ocrx_word' id='word_1_538' title='bbox 1127 4645 1156 4689; x_wconf 91' lang='lat' dir='ltr'>nt</span> <span class='ocrx_word' id='word_1_539' title='bbox 1167 4633 1360 4695; x_wconf 80' lang='lat' dir='ltr'>rirarrilucaient</span> <span class='ocrx_word' id='word_1_540' title='bbox 1374 4630 1486 4688; x_wconf 79' lang='lat' dir='ltr'>Pascha.</span> <span class='ocrx_word' id='word_1_541' title='bbox 1505 4631 1594 4687; x_wconf 79' lang='lat' dir='ltr'>Eririt</span> <span class='ocrx_word' id='word_1_542' title='bbox 1608 4641 1672 4696; x_wconf 80' lang='lat' dir='ltr'>ergo</span> <span class='ocrx_word' id='word_1_543' title='bbox 1685 4624 1788 4704; x_wconf 80' lang='lat' dir='ltr'>Pilatus</span> 
     </span>
     <span class='ocr_line' id='line_1_61' title="bbox 143 4693 1788 4775; baseline -0.005 -14"><span class='ocrx_word' id='word_1_544' title='bbox 143 4706 184 4763; x_wconf 90' lang='lat' dir='ltr'>dit</span> <span class='ocrx_word' id='word_1_545' title='bbox 197 4708 222 4763; x_wconf 89' lang='lat' dir='ltr'>ei</span> <span class='ocrx_word' id='word_1_546' title='bbox 239 4704 328 4763; x_wconf 84' lang='lat' dir='ltr'>iesus.</span> <span class='ocrx_word' id='word_1_547' title='bbox 345 4706 374 4763; x_wconf 88' lang='lat' dir='ltr'>Si</span> <span class='ocrx_word' id='word_1_548' title='bbox 388 4707 458 4769; x_wconf 78' lang='lat' dir='ltr'>inste</span> <span class='ocrx_word' id='word_1_549' title='bbox 473 4708 577 4761; x_wconf 87' lang='lat' dir='ltr'>liicntns</span> <span class='ocrx_word' id='word_1_550' title='bbox 591 4718 661 4761; x_wconf 84' lang='lat' dir='ltr'>sunt.</span> <span class='ocrx_word' id='word_1_551' title='bbox 684 4706 867 4767; x_wconf 86' lang='lat' dir='ltr'>testimoninm</span> <span class='ocrx_word' id='word_1_552' title='bbox 882 4720 944 4769; x_wconf 76' lang='lat' dir='ltr'>pier·</span> <span class='ocrx_word' id='word_1_553' title='bbox 994 4705 1027 4760; x_wconf 88' lang='lat' dir='ltr'>ad</span> <span class='ocrx_word' id='word_1_554' title='bbox 1043 4720 1091 4760; x_wconf 88' lang='lat' dir='ltr'>ens</span> <span class='ocrx_word' id='word_1_555' title='bbox 1106 4703 1191 4761; x_wconf 83' lang='lat' dir='ltr'>inias.</span> <span class='ocrx_word' id='word_1_556' title='bbox 1212 4716 1239 4763; x_wconf 86' lang='lat' dir='ltr'>ot</span> <span class='ocrx_word' id='word_1_557' title='bbox 1254 4704 1331 4759; x_wconf 82' lang='lat' dir='ltr'>dixit.</span> <span class='ocrx_word' id='word_1_558' title='bbox 1348 4703 1433 4771; x_wconf 74' lang='lat' dir='ltr'>Quam</span> <span class='ocrx_word' id='word_1_559' title='bbox 1450 4701 1649 4761; x_wconf 80' lang='lat' dir='ltr'>accusationem</span> <span class='ocrx_word' id='word_1_560' title='bbox 1664 4693 1788 4775; x_wconf 78' lang='lat' dir='ltr'>adfertis.</span> 
     </span>
     <span class='ocr_line' id='line_1_62' title="bbox 141 4768 1790 4851; baseline -0.008 -19"><span class='ocrx_word' id='word_1_561' title='bbox 141 4776 206 4832; x_wconf 81' lang='lat' dir='ltr'>hiae</span> <span class='ocrx_word' id='word_1_562' title='bbox 224 4776 259 4832; x_wconf 89' lang='lat' dir='ltr'>de</span> <span class='ocrx_word' id='word_1_563' title='bbox 279 4777 361 4831; x_wconf 91' lang='lat' dir='ltr'>malo.</span> <span class='ocrx_word' id='word_1_564' title='bbox 382 4779 404 4832; x_wconf 89' lang='lat' dir='ltr'>si</span> <span class='ocrx_word' id='word_1_565' title='bbox 420 4787 510 4831; x_wconf 81' lang='lat' dir='ltr'>nartem</span> <span class='ocrx_word' id='word_1_566' title='bbox 527 4778 597 4831; x_wconf 85' lang='lat' dir='ltr'>bene</span> <span class='ocrx_word' id='word_1_567' title='bbox 611 4775 675 4844; x_wconf 81' lang='lat' dir='ltr'>nidd</span> <span class='ocrx_word' id='word_1_568' title='bbox 691 4790 734 4831; x_wconf 87' lang='lat' dir='ltr'>ure</span> <span class='ocrx_word' id='word_1_569' title='bbox 751 4776 851 4829; x_wconf 89' lang='lat' dir='ltr'>caedis.</span> <span class='ocrx_word' id='word_1_570' title='bbox 872 4774 944 4838; x_wconf 86' lang='lat' dir='ltr'>llisit</span> <span class='ocrx_word' id='word_1_571' title='bbox 994 4777 1124 4837; x_wconf 83' lang='lat' dir='ltr'>aduersus</span> <span class='ocrx_word' id='word_1_572' title='bbox 1140 4775 1278 4841; x_wconf 83' lang='lat' dir='ltr'>hortiiueru</span> <span class='ocrx_word' id='word_1_573' title='bbox 1294 4778 1374 4832; x_wconf 85' lang='lat' dir='ltr'>lrnrtc.</span> <span class='ocrx_word' id='word_1_574' title='bbox 1396 4774 1648 4851; x_wconf 76' lang='lat' dir='ltr'>Respundcrnntet</span> <span class='ocrx_word' id='word_1_575' title='bbox 1663 4768 1790 4847; x_wconf 67' lang='lat' dir='ltr'>eliserunt</span> 
     </span>
     <span class='ocr_line' id='line_1_63' title="bbox 141 4837 1790 4918; baseline -0.009 -14"><span class='ocrx_word' id='word_1_576' title='bbox 141 4863 209 4918; x_wconf 71' lang='lat' dir='ltr'>ergo</span> <span class='ocrx_word' id='word_1_577' title='bbox 223 4864 286 4903; x_wconf 88' lang='lat' dir='ltr'>eum</span> <span class='ocrx_word' id='word_1_578' title='bbox 303 4853 394 4903; x_wconf 84' lang='lat' dir='ltr'>dnnas</span> <span class='ocrx_word' id='word_1_579' title='bbox 409 4848 529 4903; x_wconf 80' lang='lat' dir='ltr'>vinctum</span> <span class='ocrx_word' id='word_1_580' title='bbox 545 4848 578 4900; x_wconf 92' lang='lat' dir='ltr'>ad</span> <span class='ocrx_word' id='word_1_581' title='bbox 590 4845 712 4914; x_wconf 80' lang='lat' dir='ltr'>Caiplran</span> <span class='ocrx_word' id='word_1_582' title='bbox 730 4847 880 4914; x_wconf 81' lang='lat' dir='ltr'>Principem</span> <span class='ocrx_word' id='word_1_583' title='bbox 894 4846 943 4900; x_wconf 88' lang='lat' dir='ltr'>Sa·</span> <span class='ocrx_word' id='word_1_584' title='bbox 994 4851 1030 4904; x_wconf 88' lang='lat' dir='ltr'>ei.</span> <span class='ocrx_word' id='word_1_585' title='bbox 1048 4848 1075 4903; x_wconf 86' lang='lat' dir='ltr'>si</span> <span class='ocrx_word' id='word_1_586' title='bbox 1094 4862 1148 4902; x_wconf 81' lang='lat' dir='ltr'>rron</span> <span class='ocrx_word' id='word_1_587' title='bbox 1165 4855 1239 4901; x_wconf 82' lang='lat' dir='ltr'>esset</span> <span class='ocrx_word' id='word_1_588' title='bbox 1253 4849 1296 4901; x_wconf 81' lang='lat' dir='ltr'>liic</span> <span class='ocrx_word' id='word_1_589' title='bbox 1311 4848 1477 4908; x_wconf 77' lang='lat' dir='ltr'>malefactor.</span> <span class='ocrx_word' id='word_1_590' title='bbox 1500 4858 1552 4897; x_wconf 77' lang='lat' dir='ltr'>nain</span> <span class='ocrx_word' id='word_1_591' title='bbox 1568 4843 1616 4894; x_wconf 87' lang='lat' dir='ltr'>trlu</span> <span class='ocrx_word' id='word_1_592' title='bbox 1633 4837 1790 4894; x_wconf 78' lang='lat' dir='ltr'>tradidisse·</span> 
     </span>
     <span class='ocr_line' id='line_1_64' title="bbox 141 4912 1788 4988; baseline -0.008 -13"><span class='ocrx_word' id='word_1_593' title='bbox 141 4920 296 4975; x_wconf 83' lang='lat' dir='ltr'>cerdotnm.</span> <span class='ocrx_word' id='word_1_594' title='bbox 321 4918 383 4973; x_wconf 85' lang='lat' dir='ltr'>Erat</span> <span class='ocrx_word' id='word_1_595' title='bbox 400 4928 490 4973; x_wconf 88' lang='lat' dir='ltr'>auteur</span> <span class='ocrx_word' id='word_1_596' title='bbox 511 4917 604 4973; x_wconf 87' lang='lat' dir='ltr'>Simon</span> <span class='ocrx_word' id='word_1_597' title='bbox 625 4917 722 4973; x_wconf 86' lang='lat' dir='ltr'>Petrus</span> <span class='ocrx_word' id='word_1_598' title='bbox 737 4925 811 4970; x_wconf 84' lang='lat' dir='ltr'>staur</span> <span class='ocrx_word' id='word_1_599' title='bbox 825 4925 853 4970; x_wconf 89' lang='lat' dir='ltr'>et</span> <span class='ocrx_word' id='word_1_600' title='bbox 870 4916 943 4971; x_wconf 88' lang='lat' dir='ltr'>cale-</span> <span class='ocrx_word' id='word_1_601' title='bbox 995 4934 1055 4974; x_wconf 87' lang='lat' dir='ltr'>nnus</span> <span class='ocrx_word' id='word_1_602' title='bbox 1068 4934 1140 4974; x_wconf 84' lang='lat' dir='ltr'>euru</span> <span class='ocrx_word' id='word_1_603' title='bbox 1163 4918 1236 4974; x_wconf 80' lang='lat' dir='ltr'>Dixit</span> <span class='ocrx_word' id='word_1_604' title='bbox 1249 4932 1314 4988; x_wconf 81' lang='lat' dir='ltr'>ergo</span> <span class='ocrx_word' id='word_1_605' title='bbox 1329 4919 1369 4973; x_wconf 91' lang='lat' dir='ltr'>eis</span> <span class='ocrx_word' id='word_1_606' title='bbox 1383 4917 1496 4971; x_wconf 88' lang='lat' dir='ltr'>Pilatus.</span> <span class='ocrx_word' id='word_1_607' title='bbox 1518 4912 1639 4982; x_wconf 81' lang='lat' dir='ltr'>decipite</span> <span class='ocrx_word' id='word_1_608' title='bbox 1651 4924 1714 4967; x_wconf 91' lang='lat' dir='ltr'>eum</span> <span class='ocrx_word' id='word_1_609' title='bbox 1730 4921 1788 4962; x_wconf 89' lang='lat' dir='ltr'>vus.</span> 
     </span>
     <span class='ocr_line' id='line_1_65' title="bbox 140 4985 1183 5056; baseline 0 -12"><span class='ocrx_word' id='word_1_610' title='bbox 140 4988 244 5045; x_wconf 79' lang='lat' dir='ltr'>iaciens</span> <span class='ocrx_word' id='word_1_611' title='bbox 257 5005 297 5044; x_wconf 88' lang='lat' dir='ltr'>sc.</span> <span class='ocrx_word' id='word_1_612' title='bbox 320 4991 451 5045; x_wconf 79' lang='lat' dir='ltr'>[literam</span> <span class='ocrx_word' id='word_1_613' title='bbox 469 5004 533 5056; x_wconf 75' lang='lat' dir='ltr'>erpo</span> <span class='ocrx_word' id='word_1_614' title='bbox 545 4988 582 5043; x_wconf 91' lang='lat' dir='ltr'>ei.</span> <span class='ocrx_word' id='word_1_615' title='bbox 598 4986 734 5056; x_wconf 86' lang='lat' dir='ltr'>Numquid</span> <span class='ocrx_word' id='word_1_616' title='bbox 749 4996 776 5040; x_wconf 90' lang='lat' dir='ltr'>et</span> <span class='ocrx_word' id='word_1_617' title='bbox 791 4994 817 5040; x_wconf 94' lang='lat' dir='ltr'>tu</span> <span class='ocrx_word' id='word_1_618' title='bbox 834 5002 867 5041; x_wconf 83' lang='lat' dir='ltr'>ex</span> <span class='ocrx_word' id='word_1_619' title='bbox 886 4985 942 5042; x_wconf 88' lang='lat' dir='ltr'>dis·</span> <span class='ocrx_word' id='word_1_620' title='bbox 993 4999 1021 5046; x_wconf 92' lang='lat' dir='ltr'>ct</span> <span class='ocrx_word' id='word_1_621' title='bbox 1035 4991 1183 5047; x_wconf 89' lang='lat' dir='ltr'>secundum</span> 
     </span>
    </p>

    <p class='ocr_par' dir='ltr' id='par_1_35' title="bbox 140 5055 938 5132">
     <span class='ocr_line' id='line_1_66' title="bbox 140 5055 938 5132; baseline -0.001 -17"><span class='ocrx_word' id='word_1_622' title='bbox 140 5062 238 5132; x_wconf 87' lang='lat' dir='ltr'>cipalis</span> <span class='ocrx_word' id='word_1_623' title='bbox 248 5060 308 5130; x_wconf 77' lang='lat' dir='ltr'>eius</span> <span class='ocrx_word' id='word_1_624' title='bbox 318 5076 359 5117; x_wconf 90' lang='lat' dir='ltr'>cs.</span> <span class='ocrx_word' id='word_1_625' title='bbox 374 5062 421 5116; x_wconf 87' lang='lat' dir='ltr'>llic</span> <span class='ocrx_word' id='word_1_626' title='bbox 432 5071 521 5116; x_wconf 89' lang='lat' dir='ltr'>antem</span> <span class='ocrx_word' id='word_1_627' title='bbox 534 5061 654 5131; x_wconf 74' lang='lat' dir='ltr'>negavit.</span> <span class='ocrx_word' id='word_1_628' title='bbox 668 5067 696 5113; x_wconf 87' lang='lat' dir='ltr'>ct</span> <span class='ocrx_word' id='word_1_629' title='bbox 706 5055 783 5113; x_wconf 83' lang='lat' dir='ltr'>dixit.</span> <span class='ocrx_word' id='word_1_630' title='bbox 798 5056 856 5125; x_wconf 83' lang='lat' dir='ltr'>Nep</span> <span class='ocrx_word' id='word_1_631' title='bbox 867 5073 938 5121; x_wconf 80' lang='lat' dir='ltr'>suni.</span> 
     </span>
    </p>
   </div>
   <div class='ocr_carea' id='block_1_6' title="bbox 793 5171 1162 5241">
    <p class='ocr_par' dir='ltr' id='par_1_36' title="bbox 793 5171 1162 5241">
     <span class='ocr_line' id='line_1_67' title="bbox 793 5171 1162 5241; baseline 0 -13"><span class='ocrx_word' id='word_1_632' title='bbox 793 5171 912 5231; x_wconf 75' lang='lat' dir='ltr'>CODEX</span> <span class='ocrx_word' id='word_1_633' title='bbox 927 5173 1162 5241; x_wconf 74' lang='lat' dir='ltr'>dorsetensis.</span> 
     </span>
    </p>
   </div>
   <div class='ocr_carea' id='block_1_7' title="bbox 140 5259 1791 5419">
    <p class='ocr_par' dir='ltr' id='par_1_37' title="bbox 140 5259 1791 5419">
     <span class='ocr_line' id='line_1_68' title="bbox 178 5259 1791 5342; baseline -0.002 -21"><span class='ocrx_word' id='word_1_634' title='bbox 178 5268 223 5326; x_wconf 68' lang='lat' dir='ltr'>ss.</span> <span class='ocrx_word' id='word_1_635' title='bbox 243 5269 432 5325; x_wconf 80' lang='lat' dir='ltr'>unuradstans</span> <span class='ocrx_word' id='word_1_636' title='bbox 456 5284 490 5324; x_wconf 85' lang='lat' dir='ltr'>er</span> <span class='ocrx_word' id='word_1_637' title='bbox 505 5268 636 5324; x_wconf 84' lang='lat' dir='ltr'>ministris</span> <span class='ocrx_word' id='word_1_638' title='bbox 646 5266 848 5337; x_wconf 85' lang='lat' dir='ltr'>dedltpalrnam</span> <span class='ocrx_word' id='word_1_639' title='bbox 864 5265 939 5331; x_wconf 85' lang='lat' dir='ltr'>lesu,</span> <span class='ocrx_word' id='word_1_640' title='bbox 1028 5268 1074 5323; x_wconf 78' lang='lat'>28.</span> <span class='ocrx_word' id='word_1_641' title='bbox 1091 5269 1102 5300; x_wconf 66' lang='lat'>³</span> <span class='ocrx_word' id='word_1_642' title='bbox 1117 5267 1151 5323; x_wconf 90' lang='lat' dir='ltr'>ad</span> <span class='ocrx_word' id='word_1_643' title='bbox 1178 5267 1307 5341; x_wconf 86' lang='lat' dir='ltr'>Caipham</span> <span class='ocrx_word' id='word_1_644' title='bbox 1331 5267 1359 5325; x_wconf 89' lang='lat' dir='ltr'>iu</span> <span class='ocrx_word' id='word_1_645' title='bbox 1380 5267 1402 5342; x_wconf 84' lang='lat'><em>†</em></span> <span class='ocrx_word' id='word_1_646' title='bbox 1424 5265 1601 5341; x_wconf 83' lang='lat' dir='ltr'>praetorium,</span> <span class='ocrx_word' id='word_1_647' title='bbox 1627 5276 1662 5319; x_wconf 84' lang='lat' dir='ltr'>nc</span> <span class='ocrx_word' id='word_1_648' title='bbox 1686 5259 1791 5335; x_wconf 85' lang='lat' dir='ltr'>pollue·</span> 
     </span>
     <span class='ocr_line' id='line_1_69' title="bbox 140 5336 1692 5419; baseline -0.005 -20"><span class='ocrx_word' id='word_1_649' title='bbox 140 5341 238 5407; x_wconf 86' lang='lat' dir='ltr'>dicens</span> <span class='ocrx_word' id='word_1_650' title='bbox 251 5358 258 5394; x_wconf 93' lang='lat'><strong>:</strong></span> <span class='ocrx_word' id='word_1_651' title='bbox 273 5340 319 5398; x_wconf 87' lang='lat' dir='ltr'>Sic</span> <span class='ocrx_word' id='word_1_652' title='bbox 333 5342 483 5419; x_wconf 86' lang='lat' dir='ltr'>respondes</span> <span class='ocrx_word' id='word_1_653' title='bbox 502 5339 620 5412; x_wconf 85' lang='lat' dir='ltr'>Principl</span> <span class='ocrx_word' id='word_1_654' title='bbox 635 5336 834 5396; x_wconf 86' lang='lat' dir='ltr'>Sacerdotuml</span> <span class='ocrx_word' id='word_1_655' title='bbox 993 5351 1099 5394; x_wconf 87' lang='lat' dir='ltr'>rentur.</span> <span class='ocrx_word' id='word_1_656' title='bbox 1689 5350 1692 5355; x_wconf 88' lang='lat'>·</span> 
     </span>
    </p>
   </div>
   <div class='ocr_carea' id='block_1_8' title="bbox 175 5427 1357 5619">
    <p class='ocr_par' dir='ltr' id='par_1_38' title="bbox 175 5427 1357 5619">
     <span class='ocr_line' id='line_1_70' title="bbox 750 5427 1169 5495; baseline 0 -8"><span class='ocrx_word' id='word_1_657' title='bbox 750 5427 949 5495; x_wconf 71' lang='lat' dir='ltr'>stultulus</span> <span class='ocrx_word' id='word_1_658' title='bbox 966 5427 1169 5490; x_wconf 80' lang='lat' dir='ltr'>LECTlthES.</span> 
     </span>
     <span class='ocr_line' id='line_1_71' title="bbox 175 5525 1357 5619; baseline 0.001 -41"><span class='ocrx_word' id='word_1_659' title='bbox 175 5527 261 5619; x_wconf 79' lang='lat' dir='ltr'>¹strn.</span> <span class='ocrx_word' id='word_1_660' title='bbox 271 5527 391 5593; x_wconf 84' lang='lat' dir='ltr'>perhibeo</span> <span class='ocrx_word' id='word_1_661' title='bbox 401 5529 443 5580; x_wconf 88' lang='lat' dir='ltr'>de.</span> <span class='ocrx_word' id='word_1_662' title='bbox 459 5525 533 5591; x_wconf 72' lang='lat' dir='ltr'>run.</span> <span class='ocrx_word' id='word_1_663' title='bbox 546 5527 651 5593; x_wconf 80' lang='lat' dir='ltr'>peririis</span> <span class='ocrx_word' id='word_1_664' title='bbox 662 5525 705 5578; x_wconf 82' lang='lat' dir='ltr'>dc.</span> <span class='ocrx_word' id='word_1_665' title='bbox 1024 5525 1357 5581; x_wconf 57' lang='lat' dir='ltr'>*alenconensium</span> 
     </span>
    </p>
   </div>
   <div class='ocr_carea' id='block_1_9' title="bbox 182 5628 1122 5804">
    <p class='ocr_par' dir='ltr' id='par_1_39' title="bbox 182 5628 1122 5804">
     <span class='ocr_line' id='line_1_72' title="bbox 804 5628 1122 5719; baseline -0.031 -18"><span class='ocrx_word' id='word_1_666' title='bbox 804 5628 988 5719; x_wconf 66' lang='lat' dir='ltr'>iiidclililt</span> <span class='ocrx_word' id='word_1_667' title='bbox 1006 5631 1122 5715; x_wconf 63' lang='grc' dir='ltr'><strong>ΝΟΜ.</strong></span> 
     </span>
     <span class='ocr_line' id='line_1_73' title="bbox 182 5725 1028 5804; baseline 0.013 -18"><span class='ocrx_word' id='word_1_668' title='bbox 182 5727 219 5801; x_wconf 78' lang='lat' dir='ltr'>tn)</span> <span class='ocrx_word' id='word_1_669' title='bbox 237 5726 302 5795; x_wconf 81' lang='lat' dir='ltr'>Post</span> <span class='ocrx_word' id='word_1_670' title='bbox 325 5730 380 5804; x_wconf 79' lang='lat' dir='ltr'>ud,</span> <span class='ocrx_word' id='word_1_671' title='bbox 403 5728 482 5793; x_wconf 85' lang='lat' dir='ltr'>deest</span> <span class='ocrx_word' id='word_1_672' title='bbox 501 5737 544 5799; x_wconf 82' lang='lat' dir='ltr'>nt,</span> <span class='ocrx_word' id='word_1_673' title='bbox 567 5728 649 5789; x_wconf 76' lang='lat' dir='ltr'>eunt</span> <span class='ocrx_word' id='word_1_674' title='bbox 668 5727 697 5787; x_wconf 89' lang='lat' dir='ltr'>in</span> <span class='ocrx_word' id='word_1_675' title='bbox 718 5725 785 5793; x_wconf 83' lang='lat' dir='ltr'>cod·</span> <span class='ocrx_word' id='word_1_676' title='bbox 804 5726 882 5791; x_wconf 77' lang='lat' dir='ltr'>cant.</span> <span class='ocrx_word' id='word_1_677' title='bbox 905 5735 935 5793; x_wconf 82' lang='lat' dir='ltr'>et</span> <span class='ocrx_word' id='word_1_678' title='bbox 948 5728 1028 5796; x_wconf 56' lang='lat' dir='ltr'>Gari«</span> 
     </span>
    </p>
   </div>
   <div class='ocr_carea' id='block_1_10' title="bbox 0 0 1919 6144">
    <p class='ocr_par' dir='ltr' id='par_1_40' title="bbox 0 0 1919 6144">
     <span class='ocr_line' id='line_1_74' title="bbox 0 0 1919 6144; baseline 0 0"><span class='ocrx_word' id='word_1_679' title='bbox 0 0 1919 6144; x_wconf 95' lang='lat' dir='ltr'> </span> 
     </span>
    </p>
   </div>
  </div>
 </body>
</html>
