3810 6144
162 232 214 292 lul
428 226 756 305 sustulissemus.
777 223 1002 290 cltuuuttutt
1014 225 1088 290 cult
1105 225 1222 290 uiuus
1235 227 1315 289 COD.
1335 226 1534 294 costerus.
1759 236 1812 295 llib
1879 236 1885 247 ‘

356 343 475 403 cobus
492 342 764 404 vuucssbtutlsts.
940 361 945 368 '
1225 347 1344 407 cubuit
1360 346 1591 408 vbuonuustS.

165 450 294 508 tuorum,
310 455 391 512 quatu
581 455 635 498 non
651 448 728 512 putes
748 454 833 495 uuuni
1014 451 1137 510 tucrum,
1153 458 1233 514 quam
1428 444 1555 516 capillum
1571 444 1613 500 al-

163 523 250 572 tulum
262 525 361 584 corpus
581 512 710 583 capillum
723 512 764 566 al·
1013 521 1099 573 totum
1115 529 1216 585 cerpus
1430 516 1493 572 bum
1509 516 1617 584 lacere,

164 596 239 643 tuum
253 584 291 658 <al
303 594 348 640 eat
358 582 379 654 †
390 583 417 639 in
426 596 475 656 qe·
582 582 646 639 bunt
660 583 759 648 lacere,
1014 594 1089 641 tuum
1099 583 1139 657 (a)
1152 597 1196 641 eat
1209 584 1268 657 Jsiu
1428 596 1476 642 aut
1484 587 1602 659 nigrum.

166 656 293 713 bennam.
581 664 627 709 aut
637 653 754 724 nigrum.
1015 655 1179 721 aebeiinarn.
1430 658 1477 714 sl.
1492 657 1533 715 Sit
1547 667 1637 715 autem
1651 673 1711 716 ser-

163 727 208 784 bt.
232 727 334 783 [lictum
346 733 389 781 est
398 739 446 782 au·
581 725 627 783 at.
648 725 688 782 Sit
701 730 792 780 autem
807 737 865 780 ser-
1013 727 1058 783 bl.
1079 727 1184 784 Dictum
1198 736 1239 783 est
1255 741 1304 783 au·
1433 727 1591 796 monaster,
1607 741 1667 797 est,

165 806 220 855 tem
230 816 237 854 :
249 798 367 868 quicum·
581 810 626 853 mo
639 803 740 860 uester,
751 804 802 861 est,
1014 806 1068 853 tem
1083 814 1091 854 :
1107 799 1230 869 quicum·
1431 811 1473 854 est
1489 817 1497 855 :
1511 809 1539 857 ει
1553 815 1625 868 ηοιι,
1641 818 1695 859 non
1709 821 1716 859 :

165 884 218 941 que
232 867 367 925 dimiserit
582 876 644 924 est:
661 882 728 934 nou,
739 880 793 923 non
807 883 814 920 ε
1013 884 1067 941 que
1081 868 1217 925 dimiserit
1431 871 1503 940 quud
1516 881 1607 928 autem

106 976 109 982 -
164 956 277 997 uxorem
291 952 384 1005 suain,
581 938 654 1008 quod
665 947 754 995 autam
1013 955 1125 996 uxorem
1146 954 1239 1006 suani,
1430 941 1613 999 abundantius
1627 952 1690 1013 est,

165 1011 211 1069 det
221 1009 381 1081 illirepudi·
582 1009 698 1080 amplius
711 1018 769 1077 est,
1012 1010 1060 1067 det
1073 1009 1112 1066 illi
1127 1025 1208 1082 repu-
1432 1027 1447 1067 a
1468 1013 1541 1070 malo
1554 1023 1605 1070 est.

167 1084 214 1141 bi.
235 1097 292 1138 um.
308 1081 366 1153 Epo
385 1086 475 1136 autem
582 1095 597 1134 a
611 1081 682 1136 malti
692 1091 745 1136 εει.
1013 1081 1060 1138 32.
1079 1081 1165 1139 dium.
1181 1081 1240 1153 Epa
1253 1094 1303 1136 au·
1431 1084 1477 1139 58.
1497 1083 1623 1141 Audistis
1635 1086 1698 1158 quia

46 1207 49 1218 ,
166 1154 228 1211 dicu
243 1152 342 1217 vobis,
358 1150 474 1226 (tmui-
582 1150 629 1209 38.
645 1151 765 1207 Audistis
775 1150 837 1222 quia
1013 1161 1069 1210 teni
1084 1152 1252 1215 dieovobis,
1269 1151 1308 1225 (b)
1431 1154 1687 1214 dictumestailcu-

165 1224 370 1295 cumquedimi·
582 1221 685 1279 dictum
698 1230 741 1279 est
752 1241 758 1277 :
770 1221 841 1279 Ocu-
1012 1223 1180 1295 Quicumque
1193 1224 1273 1280 dimi·
1432 1226 1485 1281 lum
1501 1242 1551 1297 pru
1564 1227 1665 1295 oculo,
1680 1229 1721 1304 (d)

167 1298 360 1354 scriturarum
584 1293 639 1349 lum
655 1309 705 1364 pru
716 1309 783 1351 ocu·
1014 1295 1080 1351 serit
1094 1310 1205 1351 uxorem
1431 1296 1539 1354 dentem
1556 1314 1606 1370 pro

164 1373 394 1498 diuidit
584 1362 863 1508 lt‘tlltttllu
1013 1374 1234 1494 dilituit
1431 1369 1691 1497 {dulliiffl

166 1510 298 1575 ceticius,
311 1508 377 1565 lacit
584 1517 675 1563 autem
692 1507 755 1563 dico
1014 1509 1142 1576 cationis,
1154 1507 1218 1564 lacit
1431 1512 1527 1578 robis,
1544 1528 1598 1568 non
1612 1527 1656 1569 re·

166 1596 225 1639 eam
247 1593 355 1637 moeca-
585 1577 673 1645 rcbis‚
687 1592 741 1635 nun
755 1593 798 1634 re·
1014 1594 1074 1635 cam
1086 1579 1222 1636 moechari
1231 1577 1287 1705 ἕο).
1431 1582 1527 1640 sistere
1539 1582 1631 1648 malc;

166 1653 212 1711 35.
232 1653 267 1711 ri.
280 1652 317 1723 (c)
328 1650 428 1708 lterum
582 1649 679 1706 sistere
699 1648 790 1716 malo;
1015 1650 1061 1709 33.
1082 1649 1181 1706 lterum
1195 1664 1228 1704 au
1250 1651 1309 1707 istis
1431 1654 1484 1710 Sed
1499 1654 1598 1724 siquis
1613 1663 1642 1711 te

166 1723 281 1782 audistis
292 1722 355 1794 quia
582 1720 629 1776 sed
643 1721 665 1774 si
679 1720 784 1793 quiite
1014 1721 1077 1794 quia
1093 1721 1193 1777 diciuui
1207 1730 1249 1777 εει
1432 1726 1599 1807 percusserit

166 1795 267 1853 dictum
280 1801 323 1852 εει
335 1793 371 1850 ab
384 1806 448 1849 an··
583 1791 748 1876 percusserit
1014 1791 1132 1863 antiquis
1146 1807 1154 1846 a
1168 1792 1226 1849 Nou
1432 1810 1459 1850 in
1475 1796 1597 1852 dextram

167 1909 175 1924 .
197 1906 206 1922 .
227 1906 235 1923 .
258 1909 265 1923 .
282 1882 289 1920 τ
305 1864 363 1922 Non
584 1877 611 1919 tn
626 1862 767 1918 dexteram
1015 1863 1187 1934 perjurabiss
1433 1867 1571 1922 maxillam
1587 1875 1678 1935 tuam,

167 1978 176 1996 .
198 1977 208 1996 .
229 1975 239 1996 .
261 1978 267 1994 .
290 1978 297 1993 .
319 1936 399 1993 .abis
415 1952 422 1990 :
436 1934 499 1994 red·
584 1933 821 2005 masiliamprae·
1014 1934 1113 1991 reddes
1126 1942 1215 1990 autem
1433 1939 1531 2008 praebe
1542 1937 1581 1994 illi
1593 1947 1621 1995 et

165 2009 216 2068 des
229 2017 318 2067 autem
583 2018 616 2060 ve
627 2003 667 2059 illi
676 2013 704 2061 et
713 2005 794 2061 sinis-
1017 2004 1133 2061 linmino
1148 2006 1288 2074 iuramen·
1431 2009 1568 2065 sinistram
1585 2009 1640 2066 :tii
1653 2011 1696 2079 ei,

166 2080 283 2139 boiutuo
294 2081 434 2151 juramen·
621 2113 628 2129 ·
649 2114 679 2131 ..
697 2117 704 2131 .
777 2093 785 2131 ι
892 2072 899 2086 ’
1014 2075 1095 2133 abu
1106 2076 1229 2148 tualigu
1239 2093 1288 2132 au·
1431 2080 1477 2136 tu.
1499 2080 1544 2152 qui
1558 2080 1617 2138 vult

166 2152 212 2211 bl.
234 2162 330 2209 tatua.
352 2152 470 2222 Egnati·
1015 2147 1252 2216 temdiccrubis‚
1432 2160 1521 2208 tecum
1538 2151 1584 2223 ju·

165 2221 403 2291 temdiccrobis‚
938 2286 941 2296 Ι
1015 2233 1135 2275 nunnoni
1147 2217 1240 2288 jurare
1254 2233 1315 2275 uui·
1431 2222 1630 2279 dieicccntcu-

166 2310 221 2352 non
236 2295 329 2366 iurare
346 2307 402 2349 cm·
1015 2289 1097 2357 ninii,
1109 2303 1198 2360 neque
1430 2292 1514 2358 dere,
1529 2302 1558 2350 et
1571 2292 1690 2352 tunicam

171 2368 249 2433 nino,
264 2379 369 2438 nequae
1049 2361 1196 2429 rcaelum,
1210 2361 1284 2445 quia.
1432 2371 1504 2420 mam
1517 2365 1612 2422 tollere

164 2451 215 2511 per
227 2438 350 2504 caelum,
1034 2433 1061 2490 5.
1083 2432 1197 2488 tbmnus
1209 2431 1258 2489 bu
1431 2434 1577 2502 desiderat,
1592 2435 1696 2494 dimitte

166 2511 229 2579 quia
244 2508 359 2567 trbuuus
583 2501 692 2560 remitte
706 2503 730 2558 ei
743 2510 771 2559 ει
1015 2511 1059 2560 εει
1074 2518 1081 2557 :
1097 2518 1187 2574 neque
1430 2507 1455 2561 ci
1472 2515 1500 2564 et
1512 2506 1621 2575 pallium
1638 2523 1645 2560 :

166 2580 213 2638 35.
231 2580 279 2636 liei
293 2585 336 2636 est
350 2595 357 2633 ι
373 2589 462 2649 neque
584 2573 631 2630 lt.
653 2574 789 2644 palleum:
805 2570 893 2645 etqui
1015 2588 1065 2645 per
1076 2585 1191 2642 terram,
1430 2575 1475 2632 tt.
1496 2577 1531 2632 lit
1539 2578 1710 2650 quicumque.

165 2658 338 2724 persenam,
585 2652 611 2701 ιε
626 2645 803 2714 angeariave·
1015 2646 1078 2716 quia
1092 2646 1236 2701 scabillum
1432 2656 1459 2705 te
1478 2662 1512 2704 an
1530 2649 1638 2705 ariare-

167 2723 231 2793 quia
244 2720 393 2779 scabellum
583 2717 619 2770 rit
632 2715 707 2771 mille
722 2727 838 2784 passus,
1015 2725 1058 2772 est
1070 2716 1168 2786 pedum
1187 2716 1247 2788 ejus
1262 2733 1270 2773 ι
1433 2720 1469 2775 rit
1482 2722 1517 2774 nii
1531 2720 1557 2774 le
1570 2734 1666 2790 passus
1681 2762 1689 2786 ‚

168 2801 212 2851 est
225 2795 323 2864 pedum
337 2789 396 2861 ejus
409 2806 417 2843 z
583 2785 651 2841 rade
662 2799 723 2842 cuin
735 2784 782 2839 illo
795 2781 834 2855 (e)
1016 2801 1103 2859 neque
1115 2802 1163 2854 per
1432 2791 1502 2847 rade
1515 2804 1577 2846 cum
1593 2789 1641 2847 illu
1655 2794 1692 2864 (cl

166 2879 382 3007 lactea...
582 2854 849 2998 illaqueati
1014 2856 1314 3000 {latitura
1427 2860 1702 3005 attruibuit·

396 2972 404 2999 2
621 2969 627 2982 ¹
1465 2972 1473 2986 ο

168 3007 230 3078 quia
243 3007 339 3063 civitas
584 3008 621 3066 ιε,
635 2998 726 3054 tribue
742 3013 750 3051 a
766 3008 794 3052 et
806 3010 855 3052 ru-
1017 3010 1059 3055 εει
1071 2997 1161 3071 magui
1171 3014 1217 3056 re·
1434 3012 1461 3058 te
1472 3043 1480 3069 ‚
1491 3002 1526 3059 da
1537 3004 1562 3058 ei
1575 3025 1582 3059 ι
1596 3014 1625 3059 ει
1640 3020 1687 3061 iu·

167 3087 211 3134 est
223 3092 267 3133 ma
285 3116 292 3130 .
309 3113 318 3131 .
335 3115 342 3131 .
362 3088 406 3131 re·
582 3069 649 3127 leuti
660 3081 766 3124 mutua·
1014 3071 1056 3142 gis
1071 3088 1078 3124 z
1091 3086 1180 3142 neque
1193 3085 1241 3143 per
1433 3072 1500 3130 lenti
1517 3078 1634 3131 mutuari

166 3148 212 3205 dd.
232 3148 273 3220 pis
289 3165 296 3203 a
310 3161 397 3218 neque
410 3159 459 3215 per
583 3142 606 3197 ri
619 3156 633 3196 a
648 3147 685 3208 ιε,
698 3154 733 3196 ne
744 3153 823 3195 arer—
1015 3151 1097 3211 caput
1111 3149 1185 3197 tuiun
1197 3142 1242 3212 jn·
1433 3158 1448 3198 a
1460 3153 1487 3201 ta
1499 3186 1507 3210 .
1523 3160 1557 3202 ue
1569 3161 1650 3203 arer-

166 3229 247 3292 caput
263 3228 337 3275 tuum
349 3220 395 3289 ju·
583 3213 649 3268 teris
661 3220 697 3267 te.
1017 3213 1139 3280 uberis,
1155 3213 1218 3283 quia
1435 3217 1500 3272 iaris
1514 3225 1551 3273 te.

166 3291 280 3359 raseris,
295 3288 358 3362 quia
582 3282 627 3339 ta.
648 3281 770 3339 Audistis
783 3280 846 3353 quia
1016 3296 1072 3338 nou
1084 3293 1161 3355 putes
1176 3298 1259 3339 uuum
1433 3286 1479 3342 ta.
1500 3288 1622 3345 Audistis
1638 3288 1702 3361 quia

378 3396 497 3458 cubuit
514 3393 750 3453 contutuusts.
1247 3394 1366 3453 GODEX
1384 3396 1580 3459 BRleANUS.

168 3509 275 3557 tucrum
286 3536 294 3562 ‚
305 3494 403 3568 quam¹
414 3504 498 3550 totum
509 3495 693 3560 cnrpttstuum
703 3494 746 3543 cat
762 3485 788 3541 in
799 3482 962 3557 gehennam.
1017 3492 1124 3541 tucrum
1136 3501 1216 3551 quam
1229 3495 1313 3543 totum
1328 3503 1427 3559 corpus
1442 3497 1517 3546 tuum
1530 3493 1652 3549 mittatur
1668 3495 1695 3551 iii
1707 3493 1816 3566 geben·

168 3571 275 3630 lituum
298 3577 468 3626 estautem:
494 3561 678 3631 quiquumque
693 3557 828 3613 dimiserit
850 3571 963 3614 tutorem
1017 3572 1090 3612 itam.
1106 3558 1212 3614 Dictum
1226 3567 1268 3615 eat
1292 3569 1393 3614 autent.
1408 3561 1577 3634 Quicumque
1587 3563 1729 3622 dimiserit.
1745 3582 1817 3624 urc-

167 3657 265 3708 suani,
282 3640 328 3697 det
353 3634 553 3693 illi¹libellum
575 3630 692 3703 repudii.
716 3629 879 3700 Epcautem
903 3628 965 3684 dicu
1016 3642 1074 3710 retu
1106 3643 1194 3710 suani.
1224 3629 1270 3685 det
1296 3631 1321 3686 ei
1345 3630 1466 3688 libellum
1491 3635 1606 3704 repudii.
1637 3637 1693 3709 Ego
1718 3650 1815 3694 autem

169 3715 247 3773 robis
259 3730 266 3766 a
278 3709 346 3778 Quia
361 3707 520 3775 umuis‚qui
532 3704 783 3760 dimiseriturorem
805 3713 902 3780 suam,
916 3714 966 3755 ex·
1016 3699 1079 3754 dicu
1091 3699 1169 3755 robis
1179 3701 1246 3764 Quia
1262 3702 1351 3757 omnis
1364 3701 1411 3773 qui
1429 3703 1562 3761 dimiserit
1588 3722 1700 3764 uxorem
1721 3723 1814 3765 suain.

171 3796 250 3857 cepta
263 3778 448 3837 fornicationis
471 3790 583 3839 caussa,
605 3772 744 3828 faciteam
758 3769 916 3826 moechari:
935 3779 963 3825 ει
1016 3778 1129 3840 etcepta
1152 3769 1338 3828 loriiicatiuuis
1350 3785 1441 3829 causa.
1461 3774 1526 3832 iacit
1548 3792 1608 3833 eain
1623 3778 1770 3836 moecliari.
1788 3792 1817 3838 et

170 3857 216 3929 qui
230 3853 369 3910 dimissam
393 3848 501 3905 duxerit
514 3844 545 3910 ‚⁸
568 3843 712 3899 adulterat.
726 3843 823 3896 lteruui
849 3839 962 3897 audistis
1037 3842 1208 3896 uidimissam
1219 3842 1326 3899 duxerit
1337 3845 1506 3902 moecltatur.
1518 3848 1615 3903 lterum
1627 3849 1740 3906 audistis
1750 3853 1817 3923 quia

169 3927 232 3999 quia
246 3924 348 3981 dictum
360 3930 402 3977 est
425 3915 564 3988 antiquis:
580 3915 638 3969 llun
653 3913 664 3945 ⁸
680 3910 848 3993 perjurabis:
864 3910 963 3993 reddes
1016 3855 1118 3994 arctum
1141 3913 1316 3995 estantiquis
1343 3914 1401 3971 Nou
1425 3919 1585 3988 perjurabis.
1602 3921 1701 3979 reddes
1724 3937 1817 3992 autem

171 4007 262 4056 autem
274 3993 387 4051 murina
396 3993 551 4061 juramenta
565 3994 620 4041 tua.
631 3984 687 4054 Epo
700 3992 790 4038 autern
801 3982 862 4064 dico
874 3982 961 4047 robis,
1015 3983 1133 4039 lietuino
1144 3993 1298 4052 iuramenta
1322 3995 1379 4041 tua.
1392 3985 1449 4057 ugo
1463 3998 1553 4045 autent
1575 3992 1637 4047 dicu
1659 3993 1737 4049 vobis
1760 4011 1817 4051 uun

170 4084 227 4126 ncn
239 4069 332 4139 iurare
342 4063 463 4124 omniuo.
478 4071 565 4128 acque
580 4070 628 4126 per
641 4055 759 4120 coelum,
774 4068 836 4124 quia
850 4053 964 4108 tbrouus
1012 4053 1105 4180 stram
1128 4056 1251 4112 uniuiuu.
1274 4071 1362 4126 neque
1389 4073 1437 4128 per
1461 4062 1565 4117 caelum
1580 4064 1642 4132 quia
1665 4073 1761 4120 trouiis
1774 4076 1820 4122 est

172 4141 220 4198 liei
231 4149 292 4197 est:
307 4148 393 4206 neque
408 4146 456 4202 per
467 4128 646 4197 terram,quia
657 4125 802 4206 scabellum
813 4134 855 4180 est
866 4121 962 4193 pedum
1057 4125 1075 4192 i,
1087 4140 1176 4197 neque
1195 4140 1244 4196 per
1260 4133 1373 4186 terrain.
1390 4131 1451 4198 quia
1477 4133 1627 4188 scabellum
1650 4145 1693 4191 est
1715 4135 1817 4206 pedum

170 4211 231 4283 ejus
243 4231 250 4266 a
262 4221 351 4280 neque
372 4219 420 4275 per
432 4197 658 4271 Hierusolymam,
671 4197 733 4267 quia
743 4203 840 4278 ciuitas
852 4205 894 4276 cst
906 4210 963 4249 nia·
1015 4195 1085 4279 elus.
1098 4211 1186 4278 neque
1208 4212 1257 4268 pcr
1272 4199 1485 4273 Hierusolymam
1506 4206 1568 4274 quia
1583 4205 1680 4262 ciuitas
1700 4217 1740 4262 est
1756 4223 1817 4263 nia·

66 4281 68 4285 ,
171 4283 217 4354 gni
229 4281 299 4352 regis
317 4296 323 4332 ς
339 4289 427 4347 „eque
439 4278 577 4343 percaput
587 4279 663 4324 tuurn
674 4269 818 4338 juraveris,
829 4280 892 4337 quta
908 4281 963 4321 uun
1014 4279 1061 4336 qni
1076 4281 1158 4339 regis.
1175 4284 1264 4340 neque
1276 4285 1324 4338 per
1338 4284 1419 4342 caput
1432 4281 1508 4328 tuum
1521 4276 1669 4346 juraberis.
1686 4277 1748 4349 quin
1761 4294 1818 4336 nuti

171 4363 248 4426 potes
259 4365 342 4407 uuum
357 4345 483 4416 capillum
503 4342 594 4397 album
617 4339 718 4403 lacere.
729 4345 777 4392 aut
788 4338 904 4408 nigrum.
921 4336 962 4393 Sit
1016 4343 1093 4406 putcs
1105 4350 1188 4393 unum
1200 4339 1328 4408 capillum
1338 4341 1429 4398 album
1441 4345 1530 4401 lacere
1542 4358 1590 4400 aut
1608 4347 1725 4419 nigrum.

169 4433 260 4482 autem
274 4435 364 4478 serino
377 4429 477 4479 vester.
489 4425 540 4479 etl,
555 4421 616 4469 est:
631 4411 642 4442 ⁸
655 4425 721 4474 nun,
736 4424 788 4463 non
806 4407 901 4492 :quud
914 4423 961 4489 au·
1051 4407 1189 4465 Sitautem
1199 4421 1386 4469 seruioacster
1395 4424 1448 4470 cst.
1460 4423 1513 4473 εει.
1525 4431 1590 4474 ιιοιι.
1602 4432 1667 4474 nun.
1679 4419 1750 4491 quud
1765 4436 1819 4477 aii·

172 4507 225 4554 tem
239 4493 282 4550 liis
295 4489 477 4546 abundantius
489 4495 541 4552 est,
561 4500 576 4537 a
594 4483 666 4537 inalo
680 4493 732 4537 est.
759 4480 879 4535 Audistis
898 4493 961 4549 quia
1016 4487 1069 4535 teui
1096 4480 1276 4538 abundantius
1303 4492 1344 4539 est
1369 4488 1476 4542 tiorum.
1497 4502 1513 4542 a
1534 4489 1606 4544 iualu
1622 4499 1676 4546 est.
1691 4492 1817 4548 Audistis

169 4568 322 4626 dictumest
332 4579 339 4616 ε
350 4559 461 4617 Oculum
474 4570 522 4626 pro
534 4556 660 4621 erutuet
675 4554 784 4608 dautem
807 4564 856 4620 pro
868 4549 962 4606 deute.
1015 4552 1078 4617 quia
1093 4549 1195 4607 dietum
1213 4561 1265 4608 est.
1280 4550 1395 4610 Oculum
1419 4571 1468 4626 pro
1494 4560 1584 4615 uculo.
1604 4571 1632 4615 et
1643 4559 1753 4619 dentem
1768 4579 1820 4634 pru

168 4639 228 4713 Ego
242 4632 406 4692 autemdicit
419 4627 514 4692 iubis,
537 4640 589 4682 iicii
610 4625 738 4680 resistere
757 4622 844 4688 malu;
869 4620 918 4678 sed
938 4622 961 4676 si
1015 4621 1107 4677 deute.
1130 4621 1187 4693 Ego
1209 4632 1299 4680 autent
1324 4625 1386 4682 dico
1400 4628 1558 4685 rubis-unu
1583 4634 1714 4689 resistere
1732 4637 1819 4690 iiislu.

168 4714 230 4781 quis
245 4719 271 4766 te
283 4701 446 4780 percusserit
458 4700 485 4754 iu
503 4697 515 4729 ⁸
533 4696 643 4752 dextera
658 4692 765 4750 maxilla
779 4702 841 4758 tua,
855 4691 963 4774 praebe
1015 4691 1063 4748 sed
1074 4691 1098 4748 si
1121 4698 1183 4774 quis
1207 4703 1235 4750 te
1260 4700 1426 4766 percusserit
1450 4698 1477 4753 iu
1514 4700 1654 4758 dexteram
1677 4704 1821 4763 maxillam

170 4781 210 4839 illi
224 4793 251 4838 et
265 4782 378 4836 alteram
393 4790 400 4827 ε
414 4770 506 4836 litei,
533 4767 579 4838 qui
601 4766 659 4821 vult
676 4775 768 4846 tecuiu
777 4762 881 4846 judicic
896 4779 964 4819 coti·
1017 4763 1116 4845 praebe
1128 4764 1165 4819 illi
1178 4772 1207 4820 et
1221 4766 1344 4822 alteram.
1362 4767 1396 4823 Et
1409 4768 1434 4825 ei
1447 4770 1493 4840 qui
1508 4772 1626 4828 vuluerit
1639 4783 1726 4832 tecum
1743 4775 1823 4846 judi·

170 4852 293 4917 tendere,
312 4860 340 4906 et
361 4845 479 4903 tunicam
492 4851 564 4894 tuam
584 4836 690 4899 tollere,
704 4835 811 4891 dimitte
823 4849 849 4890 et
863 4840 891 4888 et
904 4833 963 4903 pal·
1016 4848 1059 4891 cic
1069 4835 1247 4892 contendere.
1268 4844 1296 4893 ει
1319 4842 1437 4896 tunicaui
1465 4851 1538 4896 tunm
1554 4843 1651 4901 tollere
1669 4848 1781 4903 remitte
1794 4848 1822 4904 ci

169 4922 236 4978 lium
250 4939 258 4976 a
272 4930 300 4976 et
331 4919 495 4989 uiquiimque
509 4921 536 4967 te
553 4905 734 4979 angariaverit
755 4904 839 4987 mille.
853 4918 962 4975 passus,
1015 4914 1043 4961 et
1059 4907 1185 4975 palleum.
1197 4916 1225 4962 et
1238 4909 1403 4980 quicumque
1421 4917 1448 4966 te
1468 4915 1649 4984 angariaverit
1664 4917 1740 4973 mille
1756 4934 1822 4988 pas·

169 4992 309 5049 iadeeum
322 4989 368 5044 illu
378 4988 389 5020 i
399 4987 453 5048 alia
463 4985 527 5040 iluo.
543 4980 594 5049 Qui
607 4981 674 5050 petit
685 4993 700 5033 a
713 4984 751 5044 te,
766 4975 800 5030 da
815 4991 840 5031 ci
854 4991 860 5029 :
876 4983 907 5031 et
920 4989 964 5031 ro·
1015 4991 1062 5031 sus
1075 4977 1143 5034 vade
1163 4993 1225 5033 cum
1245 4980 1294 5035 illu
1307 4981 1371 5036 duc.
1395 4981 1475 5037 liiiini
1494 4986 1597 5050 petenti
1618 4996 1645 5042 ιε
1655 4985 1700 5043 da.
1725 4997 1756 5045 et
1771 5005 1822 5045 ru·

168 5062 235 5122 lenti
249 5076 265 5118 a
279 5070 306 5117 te
316 5056 442 5126 mutuari,
456 5069 492 5112 ue
504 5054 515 5088 ⁸
526 5049 668 5109 avertaris.
691 5045 811 5104 Audistis
821 5047 883 5117 quia
1016 5046 1082 5109 lenti
1096 5050 1215 5105 mutuari
1228 5064 1243 5104 a
1266 5057 1294 5106 te
1314 5066 1348 5108 ae
1367 5054 1511 5111 avertaris.
1524 5056 1645 5115 Audistis
1663 5058 1728 5129 quia

515 5162 712 5226 vanitates
731 5160 923 5220 lectiones
941 5159 1075 5220 cuutcts
1093 5162 1149 5221 tls.
1169 5163 1201 5222 S.
1221 5164 1477 5239 csuunuutlsls

199 5274 211 5371 ἶ
227 5270 360 5401 mulum
1048 5258 1063 5414 Ξ
1076 5261 1108 5369 ient
1114 5318 1238 5396 maxillam
1250 5326 1316 5373 tuam
1327 5322 1467 5398 dexteram,
1481 5327 1577 5393 praebe
1585 5327 1627 5394 illi
1638 5336 1665 5383 ει
1674 5332 1802 5386 sinistram
1822 5391 1825 5394 Δ

200 5398 371 5450 imoefflqqf
1079 5382 1422 5453 adbuealiaduc.0taalqut

199 5460 212 5494 ⁸
224 5449 494 5524 jurabis:sedreddes
505 5446 611 5499 mmluc
1050 5443 1176 5497 ⁸avertas
1186 5452 1214 5498 te
1226 5449 1257 5498 ab
1268 5459 1311 5512 eop

837 5547 1020 5606 utlucltttlt
1041 5547 1159 5608 NOTAE.

204 5663 243 5740 (a)
258 5663 296 5719 lta
307 5670 336 5719 et
348 5658 410 5716 cod.
421 5655 499 5715 Cant.
517 5642 699 5771 &inofl’ffl
713 5643 777 5701 Post
784 5640 948 5714 ulis.‚ueest
961 5642 1034 5715 quin,
1046 5649 1076 5726 ut
1088 5643 1114 5699 ln
1124 5645 1186 5702 eud.
1201 5647 1354 5780 ciac-(c)
1365 5654 1455 5722 Deest,
1466 5659 1496 5711 οι
1508 5654 1554 5724 qiii
1564 5654 1697 5711 dimissam
1708 5657 1825 5729 ditum,

168 5739 306 5800 adulterat.
317 5732 352 5788 Et
361 5733 398 5785 ita
411 5730 438 5785 in
448 5727 509 5784 eud.
523 5717 649 5794 baut-l
671 5718 681 5789 l
694 5715 878 5782 Autedeutent,
890 5713 968 5772 deest
978 5723 1054 5783 cnut
1064 5729 1091 5771 in
1102 5714 1162 5772 cod.
1175 5718 1327 5795 Canu-lc)
1352 5735 1377 5781 ta
1392 5733 1420 5783 ct
1431 5723 1493 5782 cod.
1506 5727 1586 5782 Catu.
1599 5727 1658 5784 Lat.
1673 5727 1824 5790 ellinici.
