3810 6144
81 220 154 285 tuti
555 220 601 281 bii
619 212 763 279 annoni:
782 214 1020 279 tnot'nttntitttt
1040 216 1266 279 tinitcttttttttt.
1668 220 1739 286 tent

80 348 193 397 reserva
205 332 360 401 morituris,
375 342 388 371 ι
403 340 433 391 ut
442 350 511 407 quos
523 334 630 409 laqueis
641 336 696 394 tuis
704 334 823 409 ceperis,
837 348 886 395 ens
899 344 923 406 ,ι
937 336 961 392 is
972 334 1044 393 idem
1064 334 1150 393 ilatid
1165 352 1172 392 :
1191 334 1227 393 lit
1249 334 1314 408 qnid
1325 338 1486 409 fremuerant
1499 348 1598 412 petitos,
1613 349 1638 398 st
1651 346 1743 418 populi

79 436 217 489 uenenato
234 438 372 502 unguento
391 428 491 488 oblitos
509 430 617 504 lugubri
634 446 667 488 ae
687 430 794 489 lunesto
809 446 883 489 seni·
936 430 1053 487 meditmi
1068 438 1129 486 tant
1143 430 1243 487 inustis.
1257 428 1400 487 Astiterunt
1413 446 1486 504 repes
1500 441 1586 503 serroe,
1601 442 1625 489 et
1640 437 1741 507 prinsi-

80 538 132 597 pcr
144 537 254 595 mergas
269 522 365 581 exitio.
935 542 980 598 psi
994 536 1166 583 conuenerunt
1176 526 1204 581 iit
1217 542 1300 582 nnnsn
1314 525 1438 583 adsersus
1452 523 1595 583 Domitium
1608 538 1634 585 st
1648 530 1741 588 odom·

367 614 482 675 cenni
500 615 597 674 xxiv.
934 634 979 675 tiss
996 617 1128 677 Cltriitstm
1142 622 1199 692 siris
1214 632 1224 661 ι
1242 622 1253 695 (
1262 620 1336 677 Ptol·
1354 638 1385 691 ti,
1400 622 1426 691 l,
1439 622 1457 678 2
1469 620 1489 695 l.
1506 622 1579 692 Quid
1595 634 1622 683 te
1640 626 1682 685 sic
1693 642 1742 687 ex·

80 709 122 769 lle
130 719 259 785 unguento
269 711 383 783 loonitnr
392 712 462 784 qnod
472 710 553 769 Potes
566 712 639 770 llilin
653 712 774 783 tradidit,
784 710 885 769 l'ilisss·
936 710 1010 768 taliis
1033 712 1167 785 sacrilega
1190 712 1358 784 persuasio?
1386 712 1454 785 quid
1476 714 1593 775 miseros
1615 717 1742 781 immines

295 821 346 876 pits
365 806 529 863 medentibus
547 808 669 880 turpiter.
934 802 1066 863 ellrcnata
1079 805 1234 863 temeritate
1243 806 1447 863 circumvenis?
1459 818 1628 882 unguentum
1638 811 1743 873 christi

114 896 198 954 alliud
210 905 254 955 est
268 906 449 970 unguentum,
462 898 535 972 quod
549 900 622 957 bens
637 898 719 957 Pater
732 900 814 957 unico
827 908 884 957 tra·
934 896 999 955 cosli
1013 897 1098 954 donat
1109 896 1268 969 imperinm,
1285 910 1453 972 unguentum
1467 909 1592 961 nestrum
1606 904 1742 978 gebennas

79 987 149 1045 didit
162 987 247 1056 titis,
267 988 341 1062 quod
356 989 442 1047 Filius
456 991 636 1049 credentibus
650 992 741 1050 divina
765 992 884 1051 nominis
935 990 1051 1048 suscitat
1064 988 1200 1049 dammas.

79 1082 122 1140 aiii
139 1082 280 1155 inajestate
293 1083 420 1156 largitur.
434 1083 536 1143 Christi
553 1095 721 1159 unguentum
735 1086 884 1145 immortali
1230 1079 1346 1140 CAPUT
1366 1082 1451 1142 XXV·

82 1176 285 1247 compositione
305 1176 469 1246 coniicitur,
485 1189 513 1236 ct
527 1179 714 1251 spiritualibus
732 1180 885 1254 pigmento-
937 1174 1056 1234 Excusso
1077 1182 1147 1251 insto
1175 1178 1209 1233 ds
1235 1178 1330 1233 nsisero
1353 1178 1433 1236 bosso
1457 1185 1630 1254 profusiorem
1656 1190 1742 1247 tinnii-

78 1284 140 1327 rmn
154 1269 286 1327 odoribus
300 1278 480 1344 temperatur.
497 1273 555 1331 lloc
574 1284 740 1347 unguentum
755 1284 884 1333 amorta-
970 1288 1033 1325 num
1061 1287 1148 1327 errore
1167 1271 1281 1345 pratilli
1308 1282 1407 1340 ”wiltis
1434 1284 1458 1330 tl
1489 1291 1598 1350 testum
1636 1279 1742 1341 ciritio

77 1362 151 1421 libus
162 1362 266 1435 laqueis
275 1374 370 1436 putres
381 1364 522 1424 bominum
535 1377 612 1424 artus
625 1370 712 1436 exuit,
724 1376 764 1435 nt,
775 1370 883 1442 sepulto
970 1366 1060 1422 dosunt
1074 1366 1124 1421 linc
1137 1368 1259 1422 unctione
1272 1366 1386 1422 indicari
1399 1368 1486 1438 doses,
1503 1373 1591 1429 sitnisis
1616 1376 1740 1449 Scriptis·

78 1454 170 1530 primo
184 1455 306 1525 bomine,
320 1472 356 1515 cx
370 1458 467 1516 eodem
483 1458 575 1516 statim
588 1458 702 1517 bomine
714 1458 798 1517 liomo
811 1460 884 1519 alitis
969 1480 1057 1521 rorum
1080 1462 1167 1520 sitistis
1181 1462 1245 1519 locis
1258 1478 1269 1528 ;
1283 1464 1364 1520 simul
1388 1464 1540 1525 misensnm
1560 1469 1692 1529 cbristsm
1706 1475 1742 1530 sd

77 1551 189 1610 lelicius
202 1561 340 1609 nascatur.
358 1553 393 1610 lit
408 1561 437 1610 ut
451 1552 505 1611 lino
526 1553 696 1614 manifestius
710 1555 882 1628 explicetur,
971 1564 1070 1633 inseror
1090 1563 1184 1635 sonpit.

78 1660 220 1705 sacrarum
229 1645 376 1706 lectionum
388 1662 488 1704 arcana
502 1647 647 1720 pandenda
659 1656 734 1706 sunt,
749 1647 796 1705 Ait
808 1648 881 1705 enim
970 1654 1024 1712 Sed
1035 1653 1108 1729 quod
1121 1655 1228 1726 impuro
1242 1670 1291 1715 ore
1303 1655 1435 1714 sacerdus
1448 1656 1502 1715 iste
1516 1666 1546 1715 et
1561 1661 1667 1732 polimii
1675 1678 1741 1721 ror.

78 1740 177 1809 llaiid,
192 1749 221 1797 ut
236 1740 318 1813 liuius
330 1742 461 1815 unguenti
481 1743 597 1815 gratiam
614 1744 755 1801 traderet:
772 1743 882 1815 Specio-
898 1748 1033 1814 liborum
1047 1749 1279 1806 contaminatione
1297 1749 1449 1822 componit,
1467 1750 1535 1809 libet
1549 1752 1673 1825 diligenti
1700 1757 1742 1814 in·

77 1850 124 1892 sits
139 1837 224 1906 formu
234 1849 289 1906 psit
302 1834 366 1905 filiis
381 1835 526 1902 turstinum,
541 1834 640 1903 diffisso
654 1846 691 1891 est
706 1837 792 1910 piatio
805 1836 833 1891 irs
844 1836 885 1891 lir-
934 1841 1082 1913 quisitioise
1095 1840 1245 1898 discutere.
1256 1840 1387 1899 liberato
1401 1842 1457 1899 beo
1476 1858 1538 1913 suo,
1553 1844 1655 1904 bonum
1681 1850 1743 1906 aui·

78 1926 130 1984 tiis
150 1927 219 1983 suis:
236 1926 516 2001 propteseslssnsdissil
531 1925 576 1982 ribi
591 1928 618 1983 s‘u
638 1938 775 1985 sternant.
790 1926 883 1983 Attin·
934 1950 1009 1991 mum
1041 1948 1138 2007 gerere
1171 1934 1271 2004 socios,
1301 1932 1429 1991 fiduciam
1451 1934 1531 1991 bonas
1557 1939 1616 2009 spei
1639 1939 1743 2002 liabero

79 2037 141 2095 pers
151 2019 350 2095 plodiisnttissin
359 2020 430 2076 circs
441 2024 620 2093 sensatissimi,
632 2022 886 2094 potentissims,spe-
935 2026 1094 2099 persuadet.
1112 2027 1135 2084 0
1152 2040 1232 2098 qnam
1256 2025 1377 2095 miseris,
1405 2041 1487 2099 quam
1507 2028 1641 2087 luctuosis
1654 2046 1685 2089 se
1698 2032 1742 2090 la·

79 2116 120 2172 cis
133 2124 158 2172 et
172 2115 367 2186 pulchritudine
383 2124 428 2172 tint
441 2116 560 2185 intende,
581 2132 703 2189 prospers
719 2118 846 2190 procede,
859 2129 885 2175 st
935 2119 1014 2192 queis
1036 2118 1153 2177 inuoluit
1176 2118 1279 2176 caduca
1298 2118 1446 2175 calliditas!
1468 2122 1534 2189 Quis
1559 2123 1644 2179 Deum
1665 2133 1743 2185 tuum

80 2222 172 2280 repsit.
183 2205 295 2279 Propter
302 2209 432 2263 osritotens
442 2219 466 2265 st
476 2205 885 2283 nmmnetssdinernetjnsstisiom:
935 2212 1045 2270 liberati
1056 2212 1099 2269 cui
1115 2210 1318 2284 dioprasiam,
1334 2211 1406 2283 qued
1420 2210 1539 2268 laborati
1559 2214 1650 2280 bisce,
1666 2216 1742 2275 disee

79 2306 106 2355 tt
120 2298 229 2354 dsdnsst
250 2310 275 2355 te
289 2299 443 2355 mirabiliter
460 2300 568 2355 dextero
591 2307 646 2355 tto.
671 2298 783 2373 Sopittsr
802 2312 886 2359 osstoe
935 2303 1008 2377 quod
1025 2304 1124 2371 nescis,
1141 2302 1223 2375 ,disce
1242 2301 1314 2374 qnod
1331 2316 1384 2357 non
1408 2302 1496 2359 sides.
1520 2302 1648 2361 Christus
1671 2306 1743 2365 lilius

81 2390 278 2461 potentissima.
294 2392 471 2464 populitalia
486 2390 683 2447 romanensis
702 2392 779 2449 tarde
795 2392 886 2449 inimi·
936 2400 996 2469 llei,
1012 2408 1042 2456 ιιι
1065 2400 1213 2456 numanum
1225 2412 1311 2472 genus
1327 2412 1343 2451 a
1357 2397 1453 2453 mortis
1469 2398 1575 2469 laqueis
1597 2400 1741 2472 liberaret,

81 2501 172 2541 sorsin
181 2485 260 2557 repis·
277 2484 360 2542 Sedes
373 2494 418 2541 tta
432 2482 504 2541 bens
518 2486 546 2541 in
560 2486 683 2541 mettani
695 2488 800 2544 istm:
814 2488 886 2561 sirpo
936 2493 1029 2551 omnia
1042 2494 1094 2549 isia
1109 2490 1252 2557 sustinuit,
1273 2498 1302 2546 us
1311 2490 1479 2561 eatiiititaiis
1491 2490 1568 2546 dura
1580 2492 1675 2564 ingoni
1689 2493 1743 2551 sot-

82 2589 152 2637 rsctit
166 2590 204 2636 sat
215 2580 288 2653 sirpo
303 2580 376 2653 repsi
390 2580 439 2636 nii.
451 2576 572 2636 Dilexisti
580 2580 724 2654 justitiarii,
739 2581 821 2638 odisti
835 2582 886 2637 ini·
938 2586 1019 2656 leret,
1032 2593 1063 2641 ut
1074 2584 1214 2641 bominem
1226 2582 1297 2655 patri
1308 2581 1449 2649 redderet,
1462 2590 1492 2637 ut
1503 2583 1626 2656 mitigata
1639 2585 1745 2646 odensi

81 2676 218 2750 peitatem,
238 2683 377 2747 propterea
396 2674 471 2729 stanit
492 2681 517 2730 ts
537 2671 609 2729 Deus
630 2682 689 2732 tntis
707 2673 765 2732 oleo
789 2674 887 2733 mitio
937 2678 1078 2736 hominem
1097 2692 1159 2735 cisni
1180 2677 1238 2735 lleo
1260 2691 1392 2749 prospera
1409 2676 1601 2734 conciliatione
1630 2695 1743 2753 coitipo-

82 2782 138 2841 pris
151 2765 313 2823 coinostiins
326 2766 387 2823 tais.
409 2765 520 2839 ltprilro
533 2774 557 2821 st
570 2775 644 2840 pistis
657 2774 681 2822 st
695 2769 794 2822 corios
810 2766 888 2824 sessi·
937 2778 1028 2838 neret,
1039 2779 1069 2826 ut
1091 2768 1234 2840 promissas
1256 2767 1466 2824 resurrectionis
1491 2767 1608 2825 tructam
1630 2772 1743 2843 proprio

82 2860 177 2917 mentis
191 2861 243 2915 tisis
256 2860 288 2917 dt
300 2860 419 2931 edificiis
432 2859 561 2928 eburneis,
577 2876 609 2916 sis
622 2859 713 2932 pnilsns
727 2870 752 2916 ts
758 2862 887 2935 jocandi·
936 2871 1103 2921 monstraret
1117 2861 1257 2932 exemplo,
1273 2857 1339 2917 lecit
1353 2859 1439 2916 Filius
1453 2860 1501 2917 Dei
1515 2862 1586 2932 qtiod
1598 2872 1662 2920 ante
1678 2880 1742 2935 pro-

84 2964 138 3011 titts
156 2952 300 3021 offsoeruitt
318 2950 333 2993 ¹2
353 2950 473 3027 (rsit,
496 2968 569 3021 xxii,
593 2950 697 3027 s-tb).
723 2952 887 3012 immortalis
937 2957 1062 3023 miserat,
1088 2954 1187 3010 clarisit
1200 2956 1299 3023 latinns
1311 2951 1385 3009 sedis
1399 2950 1529 3021 inlernm,
1543 2964 1572 3011 et
1586 2954 1662 3013 durae
1674 2958 1741 3030 tegis

83 3044 216 3117 annuenti
231 3051 338 3102 secreta
352 3042 533 3115 paradinas,
548 3052 577 3101 ot
588 3042 687 3100 uitiis
699 3043 779 3101 nonis
793 3044 888 3119 dispo
938 3051 1132 3109 neeessiiaiein
1146 3048 1354 3105 carcassonne
1369 3048 1527 3117 prisii-atii.
1548 3048 1600 3106 eei
1623 3052 1742 3110 triduani

84 3137 194 3195 titionis
206 3136 275 3194 ordo
288 3146 456 3195 monstratus
468 3145 521 3195 est.
537 3135 659 3210 llegnum
673 3148 844 3211 perpetuum,
858 3150 922 3240 etc
938 3144 1087 3204 recensita
1105 3142 1141 3199 ab
1165 3156 1198 3197 eo
1214 3140 1352 3212 iustorum
1377 3139 1458 3195 turba
1477 3140 1592 3197 collecta
1620 3151 1662 3199 est
1681 3140 1744 3213 ‘lup

84 3228 148 3289 cinti
156 3229 283 3287 diadema
293 3228 407 3287 domino
416 3238 511 3288 nostro
525 3245 586 3287 cum
600 3233 729 3303 unguenti
741 3233 886 3305 majestate
938 3237 1039 3296 diutius
1063 3242 1158 3294 contra
1172 3247 1220 3289 eos
1244 3232 1341 3287 mortis
1363 3229 1552 3287 dominaretur
1566 3231 1738 3305 improbitas,

84 3322 216 3379 collatum
233 3330 287 3379 est.
310 3320 377 3392 Quis
391 3331 480 3379 autem
499 3321 544 3378 liic
556 3322 593 3379 sit
610 3322 656 3397 qui
675 3324 788 3398 regendi
809 3326 885 3384 orbis
939 3346 973 3388 ne
984 3330 1119 3401 justorum
1135 3326 1263 3381 meritum
1277 3338 1311 3378 ex
1331 3322 1413 3393 longa
1435 3321 1628 3393 desperatione
1645 3334 1657 3361 ⁰
1674 3340 1737 3383 con

84 3414 435 3486 aosspispotessaseni,qni
450 3413 884 3489 venerandinominismnjostate
937 3422 1053 3489 uideret,
1079 3419 1162 3491 tregit
1185 3416 1303 3473 claustra
1329 3424 1469 3485 perpetua,
1492 3426 1519 3470 et
1544 3413 1739 3489 terreamini,

83 3506 242 3575 decoratur,
258 3506 333 3565 aliud
347 3508 426 3566 nobis
438 3516 573 3565 monstrat
585 3512 740 3577 oracutnm;
758 3511 796 3567 ait
809 3514 883 3568 enirn
935 3515 1046 3574 cbristo
1055 3511 1179 3584 jubente,
1194 3508 1325 3579 collapsae
1336 3514 1401 3563 snut
1416 3504 1425 3545 l
1442 3524 1448 3561 :
1464 3520 1529 3564 ecee
1545 3518 1617 3565 terra
1631 3520 1740 3568 contre·

122 3634 135 3663 ⁸
155 3622 235 3681 llum.
260 3622 378 3708 illidit
396 3622 450 3709 dib
463 3641 481 3708 ι,
492 3622 588 3696 Apollo
598 3625 706 3713 vmortni
726 3624 889 3754 Suffedonis
942 3630 976 3687 de
992 3627 1128 3710 descensu
1147 3622 1249 3681 illinisti
1263 3619 1298 3677 ad
1313 3620 1428 3687 inlesos,
1448 3631 1476 3678 et
1491 3620 1570 3704 ‚notit
1586 3622 1741 3707 litenrsnli

83 3694 513 3838 {immittentis
529 3694 766 3837 inlinis..
941 3691 1478 3847 etrististristis·inim
1491 3692 1742 3847 simmam

84 3838 174 3897 Felix.
189 3854 216 3896 o.
232 3838 278 3896 tt.
294 3838 442 3895 ilsssmotis
456 3847 587 3912 anpnsnsa
602 3839 746 3911 [trinitus.
940 3858 974 3901 ex
987 3844 1093 3899 interno
1103 3838 1231 3896 eduxisse
1244 3833 1399 3891 incredulos
1414 3833 1448 3889 ad
1462 3836 1604 3893 meliorent
1621 3851 1740 3898 mentem

121 3910 136 3951 ¹·
156 3910 186 3968 ln
202 3910 245 3967 liis
262 3910 334 3967 sacri
356 3917 447 3966 textus
470 3910 561 3966 serbis
583 3925 599 3965 a
622 3910 758 3983 cypriano
772 3911 888 3987 aliisque
942 3922 1084 3971 resocatus
1101 3911 1186 3984 (Aiig.
1202 3908 1237 3964 de
1257 3906 1358 3963 haeres.
1380 3919 1405 3962 c.
1418 3905 1469 3988 ib3
1485 3905 1659 3977 Pisitastrins,
1684 3914 1741 3969 liiu-

85 3982 161 4040 tarie
182 3981 330 4053 discrepat.
351 3980 422 4037 Vide
441 3980 624 4047 Sabaterinm,
639 3982 712 4053 quod
732 3983 766 4039 ad
786 3986 887 4042 ueteris
940 4001 996 4043 res.
1014 3984 1085 4057 tit)
1100 3980 1331 4105 statuebantflue,
1349 3977 1459 4061 immissi
1481 3978 1624 4061 eredentes,
1638 3984 1685 4051 sini
1704 4001 1739 4041 cx

84 4052 212 4113 ecclcsiae
222 4052 374 4109 sententias
387 4053 495 4109 attinet.
511 4052 548 4107 tte
565 4062 678 4109 externa
696 4052 808 4123 Cliristi,
823 4056 888 4113 durii
941 4055 1065 4114 haesita
1087 4068 1137 4124 spe
1152 4051 1236 4107 imnis
1278 4064 1358 4107 essia
1377 4049 1566 4115 discesserint,
1589 4068 1605 4109 a
1627 4053 1739 4112 (iltristo

86 4126 131 4183 bis
145 4126 173 4182 in
189 4124 270 4181 terris
284 4122 447 4181 versabatur
458 4122 543 4181 adisis
555 4124 654 4192 torma,
686 4140 727 4181 use
738 4143 826 4199 nuper
836 4127 888 4184 bac
940 4126 1040 4185 exinde
1057 4124 1188 4181 liberatos
1201 4136 1274 4178 esse.
1286 4121 1333 4177 Sic
1347 4135 1456 4192 quoque
1469 4121 1541 4177 inter
1553 4122 1664 4181 Latinos
1677 4126 1741 4183 Cas·

84 4196 121 4255 de
134 4195 310 4267 redispntati
322 4195 350 4250 in
359 4193 448 4252 libro:
461 4193 613 4251 Sinnlildsr
627 4140 684 4250 „2
694 4196 890 4255 territantes·
939 4197 1101 4256 slodorusin
1110 4191 1628 4268 passuumGregorinsll.Epist.lib.t,
1639 4211 1683 4265 ep.
1694 4197 1738 4252 lii.

85 4268 183 4341 lstrtpen
196 4267 242 4351 der
255 4265 326 4350 alten
338 4265 513 4349 eistatensi,
527 4280 556 4336 p.
572 4266 584 4320 l
601 4280 660 4337 seg.
716 4336 723 4350 ι
777 4340 784 4352 ·
941 4269 1018 4341 dpnd
1030 4267 1200 4353 Laetantiinii
1214 4272 1243 4347 et
1255 4260 1407 4344 Arnobinm
1422 4261 1503 4343 hujus
1515 4260 1650 4345 dogmatis
1664 4268 1739 4324 nulla

124 4348 137 4379 ι
154 4339 232 4395 Ιιιίιιο
245 4334 366 4394 diderta
390 4338 514 4410 reliquis,
530 4350 593 4393 cnm
608 4335 761 4408 Augustino
777 4355 804 4396 in
824 4355 866 4412 ps.
880 4355 889 4396 t
940 4340 970 4397 llt
986 4352 1099 4398 mentio.
1126 4337 1167 4393 Ex
1182 4336 1275 4391 litibus
1299 4332 1366 4388 illud
1382 4331 1614 4401 Apoltniaristieis
1632 4336 1667 4394 dc
1689 4338 1740 4393 bii·

86 4408 192 4467 liabens
206 4419 235 4465 stt
255 4406 329 4479 osid-
939 4427 1020 4469 mana
1032 4406 1206 4468 lesquristi
1217 4404 1308 4460 anima
1323 4403 1376 4458 insi
1398 4418 1431 4458 ne
1441 4404 1547 4473 accepit
1558 4418 1738 4465 momentum.

121 4478 243 4538 ¹¹llalim
256 4480 382 4536 recensito
398 4496 404 4534 :
419 4480 529 4548 melius,
543 4480 568 4537 si
581 4482 621 4538 sie
644 4481 814 4547 distinxeris,
829 4454 984 4540 om-Dnt
1003 4484 1048 4540 illa
1067 4497 1103 4553 qis
1142 4494 1176 4562 ue
1197 4486 1318 4559 semim
1347 4418 1489 4529 realem
1519 4475 1628 4563 libell?
1653 4479 1738 4563 alipta

87 4552 131 4610 iiia
146 4550 337 4609 citltiurcbnni.
353 4551 417 4623 Agit
439 4551 567 4608 nimirum
588 4550 624 4610 de
637 4552 772 4611 descensu
785 4552 889 4611 Christi
941 4570 1005 4624 pars
1020 4554 1131 4621 Eiatige
1144 4566 1162 4605 ii
1178 4547 1330 4627 Nicodcmn
1347 4542 1419 4601 hunc
1431 4542 1495 4601 lesit
1511 4546 1622 4629 'libristi
1647 4550 1680 4607 ad
1696 4568 1739 4608 in-

86 4624 121 4681 ad
133 4622 236 4681 interos
246 4622 257 4678 l
269 4622 342 4679 Petri
354 4636 395 4687 ni,
408 4623 452 4689 ia,
463 4622 599 4679 lassorum
610 4625 697 4680 turbo.
705 4626 889 4683 Tertullianus
940 4627 1013 4683 leros
1027 4624 1189 4680 descensum
1206 4620 1344 4674 uberrime
1358 4630 1482 4671 narrans.
1496 4615 1611 4675 iliricum
1623 4629 1739 4689 taninm,

86 4695 124 4752 dc
136 4698 235 4753 Arsinna
247 4709 274 4750 c.
291 4694 307 4749 7
323 4711 329 4749 :
346 4694 415 4761 Qnid
429 4696 651 4764 estoutemillisd,
663 4696 732 4767 pund
743 4697 777 4751 osi
787 4698 890 4769 inperito
940 4695 1011 4767 quod
1027 4695 1124 4759 sciam,
1139 4697 1230 4748 eistat
1243 4688 1685 4774 monumentum'ecclesiasticum
1706 4712 1740 4753 eri

87 4766 244 4837 transfertur
266 4764 392 4837 (antina)
407 4774 465 4833 psit
495 4765 636 4821 disortium
664 4769 795 4839 corporis?
818 4770 889 4839 quod
939 4767 1029 4823 inedia
1045 4773 1138 4830 telate,
1153 4766 1180 4819 in
1197 4774 1251 4833 quo
1275 4759 1424 4816 descensus
1447 4759 1549 4815 bbristi
1574 4763 1608 4818 ad
1637 4764 1741 4825 inlesos

86 4838 232 4895 detitssintl
253 4835 324 4906 naon
347 4835 374 4890 in
396 4835 464 4890 diens
496 4837 577 4892 adicit
600 4839 758 4894 suetonius?
772 4838 807 4893 nd
821 4840 890 4907 quod
939 4836 1106 4908 spectandus
1120 4832 1293 4907 proponitur.
1308 4830 1358 4887 list
1369 4830 1504 4913 recubos
1525 4830 1600 4888 llnlla
1633 4835 1741 4896 lumbes

86 4908 242 4967 otCliristus
257 4856 527 4989 istosisrssudescenditt
540 4918 602 4977 puto
615 4908 759 4964 adsistimus
794 4912 890 4966 atrior·
940 4908 1048 4967 Albensi
1073 4901 1505 4987 patriarchislfllerosolyststtant
1529 4850 1712 4988 illlis-HM
1730 4910 1741 4982 )

86 4980 208 5046 eburnis,
221 4978 243 5035 ti
255 4978 321 5033 niliil
336 4995 424 5033 onsnto
434 4980 481 5034 snb
492 4979 582 5035 terris?
595 4978 630 5035 Et
642 4994 667 5035 c.
679 4978 714 5036 55
730 4997 738 5035 s
787 4997 816 5035 sc
830 4990 890 5038 onte
939 4982 967 5037 in
983 4982 1062 5053 cuius
1075 4993 1172 5038 auersa
1190 4976 1318 5033 Cliristns
1329 4987 1449 5030 ananiam
1463 4972 1561 5029 solutis
1574 4981 1690 5037 viriculis
1704 4998 1741 5039 cn

86 5050 205 5109 emendis
218 5051 245 5104 ist
260 5048 412 5105 sublitttioro
426 5051 557 5118 rusiorum,
576 5067 653 5121 qsons
666 5052 796 5107 deseendit
808 5053 837 5107 itt
848 5054 890 5108 in·
941 5052 1038 5111 inieris
1056 5051 1176 5117 reducit,
1192 5048 1342 5105 comitante
1357 5053 1386 5101 et
1404 5043 1554 5126 plaudente
1576 5048 1661 5106 altera
1673 5067 1680 5118 ;
1692 5056 1741 5109 ad·

89 5124 190 5197 {srinro
211 5130 357 5187 unorum,
385 5130 413 5176 nt
436 5122 490 5177 illio
514 5123 675 5193 possinrclins
699 5132 723 5179 et
750 5124 889 5195 propltetot
940 5132 1016 5181 stant
1036 5123 1098 5181 duae
1117 5122 1212 5193 ligurit
1240 5122 1393 5183 coronatae,
1406 5129 1479 5185 regis
1506 5124 1573 5185 puto
1587 5129 1615 5174 et
1640 5125 1742 5195 regiain

87 5202 219 5267 compotes
238 5193 280 5249 sisi
295 5194 401 5261 lasne.
418 5191 543 5249 lustinus
559 5192 763 5265 tlartpr.,l)inl.
780 5210 806 5251 c.
821 5195 890 5269 Try·
940 5195 1207 5267 Hierosolymorum.
1234 5187 1390 5261 Epigrapbe
1416 5195 1459 5242 est
1480 5200 1499 5242 ιι
1523 5203 1684 5250 ansericic.
1710 5196 1739 5251 lis

88 5268 225 5341 pliniie,p.
246 5262 312 5321 220.
337 5263 418 5321 lebb.
442 5265 508 5319 citat
532 5264 659 5324 ieremias
679 5264 768 5323 locum
790 5267 890 5338 deper-
940 5267 1058 5325 aduersa
1082 5266 1091 5321 l
1128 5266 1205 5321 itur:
1225 5259 1246 5332 †
1269 5274 1415 5341 muniris
1432 5272 1671 5320 innosomiisrsiitss
1694 5283 1742 5325 nii-

88 5339 177 5395 ditmii
202 5350 211 5393 s
234 5336 345 5408 ἐμνήσθη
359 5334 386 5392 δὲ
414 5333 533 5409 xiptotd
552 5340 614 5401 Θεὸς
640 5338 691 5395 ἀπὸ
717 5339 811 5415 ispani
839 5347 889 5396 τῶν
940 5352 1086 5396 naissum.
1129 5334 1185 5391 didi
1200 5333 1272 5390 lianc
1286 5328 1630 5415 bisllamintiommcntat.
1654 5336 1741 5395 aliena

89 5410 697 5499 ntmtpnpi'sntinsipientissimamantipa
715 5410 891 5497 spissitate
941 5409 1090 5495 desinatis
1113 5406 1283 5489 Francorum
1307 5418 1334 5459 m
1359 5400 1483 5485 Oriente,
1515 5400 1591 5459 deus
1617 5404 1681 5465 Soc.
1706 5410 1740 5467 tt.

88 5480 890 5621 ustassaisteinensis,uis-silim
941 5472 1649 5627 patimtastu‚illitteratami.

89 5619 420 5683 dissimulantium
442 5621 545 5678 Strom.
572 5622 652 5689 und,
667 5639 694 5693 p.
715 5623 778 5679 itis.
801 5624 891 5681 Esau·
981 5624 1101 5681 rotario
1135 5617 1315 5677 a'lbaddaeo
1344 5615 1455 5672 Edessae
1492 5615 1584 5672 habita
1613 5635 1658 5691 ap,
1686 5622 1743 5682 Eu.

89 5695 193 5770 gelium
207 5692 348 5749 llioodemi
362 5706 388 5747 c.
409 5692 456 5747 at.
470 5706 529 5764 seq.
551 5692 628 5750 llnlti
648 5708 682 5751 ue
695 5694 741 5750 alii
762 5710 832 5766 quos
846 5712 890 5751 re·
941 5695 1001 5754 seb.
1017 5694 1051 5760 ll,
1066 5696 1098 5751 li.
1115 5709 1136 5759 i,
1151 5708 1176 5749 c.
1191 5690 1272 5747 lin...
1284 5692 1328 5745 sni
1346 5694 1402 5748 nsit
1416 5688 1425 5754 (
1437 5686 1595 5760 ixpistttl
1608 5692 1752 5773 insessas

89 5761 350 5829 mnsbcaintenies
362 5777 377 5818 a
388 5763 617 5823 bittelmaieruin
651 5765 657 5777 '
675 5764 745 5825 toria
755 5765 891 5842 dogmatis
940 5770 985 5842 dn,
997 5766 1203 5845 ttinetipntit
1215 5762 1262 5823 sin
1273 5756 1565 5828 intremuistis-gns
1582 5775 1708 5827 spargens
1724 5777 1777 5809 xus

232 5858 375 5925 l'ncttot.
391 5854 465 5923 llll.
1485 5842 1538 5903 'bb
