3810 6144
129 324 197 384 toll
599 329 644 387 lili
663 327 806 391 ERRORE
824 331 1064 398 RRORANARUR
1082 338 1308 402 assistoribus.
1707 352 1779 411 lota

127 440 164 498 de
190 440 358 513 segminibus
372 453 386 482 ¹
409 442 510 500 tactim
526 444 628 502 idolum
652 446 769 505 tlsiridis
784 450 927 522 sepelitur.
942 453 1099 516 Adbrabae
1113 458 1288 516 immolaturo
1302 459 1388 518 illium
1400 462 1479 535 iussu
1501 464 1549 520 liei
1563 465 1636 523 aries
1650 468 1785 541 supponi·

129 534 159 593 la
172 534 346 608 Proserpina
367 540 455 595 saeris
474 554 544 596 caesa
558 542 640 599 arbor
665 542 692 598 in
712 542 830 615 ellipiem
849 546 932 618 virgi·
983 556 1038 618 tur,
1061 560 1089 607 et
1108 551 1136 608 in
1163 552 1260 610 vicinae
1274 553 1381 611 arboris
1406 555 1543 613 radicibus
1565 558 1691 631 alligatur
1704 559 1783 633 (Gen.

127 629 173 687 nis
183 628 355 702 iornvamrpue
368 633 541 703 componitur
555 632 582 700 l,
597 644 624 691 et
637 649 699 690 cum
711 635 930 695 intracivitatem
983 654 1065 711 srrr,
1081 643 1137 715 li).
1153 642 1330 704 Liberaturus
1347 647 1418 704 Deus
1437 664 1560 705 suminus
1582 666 1616 707 ex
1637 650 1784 726 AEpyptia·

127 719 211 778 luerit
226 721 316 788 illata,
334 723 513 796 quadraginta
541 725 668 783 noctibus
684 727 840 799 plangitur,
863 744 931 801 qua·
982 751 1042 792 rum
1064 737 1208 809 tyrannide
1223 738 1330 810 plebem
1355 755 1444 809 suam,
1469 742 1584 799 arietem
1608 754 1688 800 nocte
1700 744 1784 815 jussit

126 812 280 887 dragesima
305 829 374 872 vero
386 826 466 873 nocte
489 818 670 875 comburitur.
696 818 751 877 Sed
774 828 803 878 et
818 821 863 877 illa
877 821 930 877 alia
982 827 1088 897 occidi,
1103 838 1131 885 et
1143 834 1275 902 sanguina
1288 833 1348 904 ejus
1360 843 1453 904 postes
1468 834 1541 890 liniri
1556 838 1696 908 pracepit.
1713 846 1726 886 s
1741 838 1785 910 tp.

125 912 211 986 ligna,
239 930 300 987 quas
323 913 397 982 diri,
424 916 522 973 similis
554 919 661 973 datarus
688 918 842 986 consumit3
867 935 929 976 nam
981 932 1162 979 sumacerto
1182 939 1298 982 nrtmero
1311 925 1451 983 bominum
1467 944 1515 998 prr
1526 939 1673 986 nocturnas
1687 931 1784 1002 epulas

124 1006 210 1065 etiam
225 1015 286 1075 post
299 1021 401 1063 asinum
412 1009 532 1079 ipsorum
547 1009 683 1079 lignorum
698 1024 793 1082 rogant
819 1009 928 1067 damma
981 1016 1079 1071 condei
1091 1016 1185 1087 jubet,
1201 1019 1373 1075 ctsacrilicio
1388 1021 1438 1092 ipsi
1454 1021 1566 1078 l‘asebae
1580 1039 1680 1081 aoaten
1695 1025 1785 1097 impo-

124 1099 281 1171 depascitur
295 1110 318 1153 ι.
336 1100 439 1156 Errasti
450 1099 552 1165 miser,
575 1112 603 1157 et
617 1101 792 1158 vehementer
818 1103 928 1169 errasti,
981 1105 1032 1161 nit.
1056 1105 1110 1163 Sed
1139 1109 1191 1163 boc
1220 1108 1253 1165 ad
1272 1109 1419 1181 imaginem
1435 1110 1588 1170 futurorum
1610 1114 1780 1185 providentia

125 1188 195 1249 nibil
220 1190 271 1247 tibi
295 1191 398 1263 poterit
413 1191 481 1264 ignis
509 1192 560 1249 iste
583 1191 722 1262 prodesse,
754 1192 855 1249 irnstra
881 1194 929 1250 tibi
981 1198 1082 1257 divine
1109 1202 1261 1273 majestatis
1281 1205 1402 1272 inuenit,
1429 1216 1459 1262 ut
1483 1223 1533 1279 per
1557 1209 1662 1281 signum
1684 1225 1778 1267 verum

123 1298 158 1343 es
185 1285 237 1343 ista
259 1284 367 1342 lamma
397 1284 547 1349 blandiris,
574 1286 646 1342 ltuac
672 1287 761 1359 ignem
789 1300 929 1343 commen·
981 1291 1085 1348 Paseba
1102 1294 1360 1354 nobisostenderct.
1377 1297 1515 1355 ldeocunv
1537 1300 1571 1356 de
1587 1301 1712 1371 passione
1726 1303 1779 1358 lio-

123 1377 160 1435 tis
179 1376 233 1433 tuis
258 1392 369 1449 semper
391 1392 540 1435 renovans.
578 1378 669 1449 lpnis,
695 1379 740 1450 qui
765 1378 800 1435 de
830 1377 929 1434 lacino·
980 1384 1047 1439 mini
1061 1387 1146 1442 nostri
1165 1386 1257 1444 divino
1272 1388 1375 1461 Spiritu
1393 1390 1507 1461 jubente
1526 1392 1661 1464 Propheta
1676 1410 1780 1466 praeca-

122 1468 200 1527 ribus
235 1470 289 1528 tuis
326 1469 415 1542 eripit
454 1485 571 1542 previas,
612 1482 741 1543 perpetua
776 1480 929 1528 tormenta·
980 1486 1075 1548 neret,
1093 1480 1132 1534 ait
1147 1498 1154 1534 :
1168 1480 1243 1537 sicat
1257 1482 1312 1539 orie
1333 1484 1369 1539 ad
1388 1484 1688 1553 victinnmdaermesr,
1713 1491 1780 1542 sicin

122 1576 184 1621 tunt
201 1562 409 1620 continuatione
423 1572 573 1636 grassatur.
606 1562 696 1620 llivini
731 1578 763 1619 ac
787 1563 928 1621 liberantis
979 1574 1580 1648 epunscornmtandentese,sienonaprruit
1597 1596 1727 1635 ossuum.
1745 1581 1778 1636 ln

120 1654 189 1727 ligni
201 1654 326 1714 ordinem
340 1655 433 1723 disce,
448 1664 477 1711 ut
489 1656 562 1712 scias
573 1656 647 1712 nulla
662 1655 710 1713 tibi
724 1670 806 1729 posse
818 1654 926 1714 ratione
979 1666 1126 1721 darnrilitate
1135 1667 1265 1737 judiciam
1285 1668 1310 1724 ei
1322 1668 1451 1724 sublatam
1474 1679 1520 1726 est.
1536 1669 1705 1727 Nativitatem
1723 1674 1779 1743 rivas

121 1749 256 1807 antecurri.
272 1748 312 1805 De
322 1748 490 1822 cataclysmo
503 1747 651 1805 humanum
663 1764 749 1823 gentis
761 1765 825 1807 arca
837 1749 926 1820 lignea
979 1758 1036 1825 pais
1051 1760 1201 1814 atarracit?
1210 1760 1333 1828 quostiam
1353 1762 1487 1832 auferetur
1501 1779 1516 1816 rr
1530 1771 1598 1817 terra
1612 1764 1665 1819 cita
1679 1768 1736 1837 ejvs
1752 1764 1775 1818 ¹¹.

122 1843 249 1903 liberarit
276 1844 354 1915 (Gen.
384 1861 434 1910 vir,
458 1845 528 1917 vrrs).
557 1844 661 1902 Deinde
687 1843 825 1901 Abrabam
854 1844 925 1916 lipua
941 1848 1143 1923 pilleatum,
1163 1851 1190 1917 t,
1207 1851 1438 1923 8).llliusetiam
1460 1855 1592 1926 propbeta
1609 1855 1777 1914 ltaeeeadum

120 1938 195 1997 ttttici
211 1938 258 1995 lllii
273 1938 397 1996 humeris
411 1939 528 2010 imponit
538 1938 617 2009 (Gen.
634 1953 692 1994 ssrr
703 1938 743 2012 li).
760 1938 798 1996 lte
808 1936 925 2011 AEgppto
977 1942 1060 1997 simili
1073 1942 1215 2013 rospondit
1229 1944 1341 1999 oraculo
1356 1963 1363 1999 ε
1388 1942 1511 2013 Donrine,
1522 1947 1642 2019 sipnifica
1654 1948 1739 2017 mibi,
1754 1962 1778 2005 et

120 2032 296 2091 recedentem
312 2032 443 2105 populum
459 2033 507 2089 liei
529 2032 638 2104 plebem
652 2032 741 2106 lignea
764 2032 841 2105 rirpa
860 2048 923 2104 pro·
976 2046 1224 2109 raptumrapturn
1246 2037 1299 2091 vidi
1320 2038 1497 2094 nereditatioaee
1519 2056 1618 2097 eoram.
1642 2038 1699 2114 Epo
1711 2041 1779 2096 sicin

121 2127 189 2185 lesit
202 2124 304 2200 (seor,
318 2142 376 2195 rvr,
400 2127 449 2193 ιι,
462 2126 522 2200 26).
537 2126 652 2197 Lignum
667 2126 775 2184 dulcem
797 2142 924 2199 saporem
974 2144 1057 2199 apvrvn
1070 2129 1126 2183 eine
1139 2128 1241 2183 malitia
1256 2129 1395 2201 perdncrm
1408 2147 1465 2186 svin
1480 2133 1515 2187 ad
1527 2133 1667 2190 victimam.
1682 2132 1715 2186 ln
1736 2150 1777 2188 are

119 2234 224 2279 amarae
246 2221 365 2295 myrrlrae
383 2219 506 2278 lontibus
529 2219 648 2278 reddidit
667 2219 767 2293 (dicad.
794 2237 839 2290 ιι,
864 2220 924 2294 25).
975 2220 1151 2294 copitaaernnt
1170 2224 1311 2293 capitatam
1333 2222 1445 2278 dieerrtes
1473 2240 1479 2278 :
1515 2222 1604 2279 l'eaite
1621 2226 1777 2281 :mittentes

119 2311 224 2385 Lignea
238 2311 314 2385 virga
328 2327 361 2369 es
386 2310 520 2383 spirituali
535 2322 611 2383 petra
625 2310 756 2369 salutaris
770 2311 843 2368 unda
859 2326 924 2381 pro·
974 2312 1108 2385 lipnrsntin
1122 2330 1217 2384 panem
1227 2318 1293 2386 eins,
1305 2326 1330 2369 et
1343 2316 1482 2371 eradame
1495 2326 1591 2372 aterna
1603 2318 1683 2373 ritaae
1697 2320 1771 2389 ejusi

119 2405 207 2464 lertur
222 2404 323 2479 (Read.
341 2420 410 2474 xvtt,
424 2404 480 2473 (i;l
499 2403 561 2461 Car.
573 2422 601 2474 s,
616 2404 656 2479 ι).
673 2404 725 2474 Et,
742 2415 772 2461 ut
794 2406 924 2463 Amalech
975 2405 1098 2479 (terena.
1125 2423 1210 2475 svtsr,
1237 2408 1290 2477 ts,
1314 2408 1377 2483 lii).
1403 2412 1509 2481 dgnurn
1527 2420 1618 2466 autem
1642 2411 1776 2482 appellari

119 2499 289 2567 vinceretur,
306 2498 379 2555 cirea
392 2498 496 2570 virgam
519 2496 625 2571 lloyses
645 2498 773 2568 expansis
797 2498 924 2556 manibus
975 2499 1121 2557 bominum
1133 2510 1275 2569 nostrum,
1290 2512 1384 2559 saneta
1410 2502 1490 2560 nobis
1504 2504 1671 2560 revelatione
1685 2519 1777 2559 mons-

119 2590 280 2651 extenditur
307 2587 441 2661 iisset.
463 2606 540 2659 vvir,
566 2591 611 2657 ll,
629 2589 686 2663 ιι).
712 2590 800 2648 seete
826 2592 924 2665 ligneae
974 2602 1072 2648 tratur.
1091 2590 1119 2648 la
1134 2593 1299 2665 Apocalypsi
1319 2594 1393 2650 enim
1407 2593 1444 2650 ita
1460 2594 1616 2654 invenimus
1633 2611 1694 2651 esse
1712 2612 1775 2667 per·

121 2684 278 2757 patriarcba
302 2684 506 2742 incumbentem
520 2684 647 2755 angelum
673 2684 811 2751 somniat,
833 2694 861 2740 et
876 2700 924 2756 per
974 2683 1169 2756 seriptumalit
1178 2687 1233 2741 vidi
1241 2687 1268 2741 in
1276 2686 1362 2741 medio
1375 2685 1460 2742 tbroai
1467 2696 1490 2742 et
1499 2696 1611 2759 prataor
1621 2688 1775 2744 animalium

119 2782 245 2841 eamdem
262 2781 332 2839 alios
355 2780 522 2849 ascendere,
537 2780 608 2837 alios
622 2780 710 2835 ceruit
724 2777 893 2837 (inscendere
910 2790 922 2818 ⁶
972 2787 997 2833 et
1012 2778 1040 2833 in
1054 2778 1139 2833 medio
1163 2780 1295 2835 seniorum
1307 2796 1404 2853 apuam
1416 2790 1537 2849 stantem,
1559 2784 1634 2854 qnasi
1648 2784 1774 2849 masana,

121 2876 188 2935 Gen.
201 2891 304 2944 xsvtrt,
320 2874 376 2947 ti).
396 2874 429 2931 Et
443 2874 486 2930 lex
511 2872 559 2929 liei
580 2886 652 2929 arcae
676 2872 774 2944 ligneae
801 2872 924 2929 ereditur
973 2871 1107 2927 debentem
1127 2888 1225 2928 cornrra
1241 2882 1350 2944 reptent,
1365 2882 1390 2928 et
1412 2874 1502 2930 ocosias
1514 2883 1630 2948 septem,
1654 2878 1699 2948 pai
1712 2888 1773 2931 savit

120 2968 222 3042 (Exod.
239 2985 283 3037 ss,
297 2968 357 3039 ab).
373 2977 402 3025 ιιι
423 2968 465 3024 lais
480 2966 617 3032 omnibus,
643 2966 722 3038 attasi
750 2982 799 3038 per
823 2967 923 3039 predas
972 2976 1070 3039 septem
1079 2968 1188 3037 spiritvs
1200 2968 1249 3023 Dei
1271 2968 1345 3023 missi
1365 2984 1411 3040 per
1422 2967 1508 3024 orbem
1524 2977 1610 3025 terrae.
1624 2969 1658 3025 Et
1670 2971 1738 3026 venit
1751 2980 1776 3025 et

120 3062 267 3137 qaosdmn,
280 3061 315 3120 ad
325 3061 426 3135 lipnum
441 3058 530 3118 crucis
546 3059 620 3115 salus
640 3058 780 3115 homiuum
797 3061 923 3132 perveni·
974 3061 1071 3131 accepit
1086 3060 1183 3116 libram
1201 3061 1234 3117 de
1249 3062 1343 3118 dextra
1366 3059 1479 3118 sedentis
1493 3060 1520 3117 ia
1539 3063 1643 3118 tirone.
1667 3062 1702 3117 lit
1715 3079 1775 3117 erens

120 3164 175 3213 ret.
190 3155 363 3229 Quapropter
374 3154 477 3227 lignum
489 3153 580 3210 crucis
601 3152 664 3210 caeli
677 3154 795 3210 sustinet
818 3154 922 3212 raschi-
972 3155 1114 3223 accepisset
1134 3155 1240 3222 libram,
1252 3164 1369 3223 paatsar
1381 3154 1507 3211 aninvaiia
1519 3163 1543 3211 et
1557 3155 1649 3226 ripinti
1663 3164 1774 3225 quatuor

120 3262 197 3319 aaut,
209 3256 290 3308 terrae
308 3246 484 3305 lundamenta
499 3244 678 3311 corroborat,
692 3244 790 3301 allisos
807 3246 859 3301 slbi
873 3244 921 3301 lro·
934 3234 958 3298 C
973 3247 1087 3302 seniores
1100 3256 1296 3317 prostraverunt
1314 3262 1342 3303 se
1353 3256 1413 3302 ante
1424 3262 1531 3317 apuam,
1542 3244 1664 3301 trabentes
1677 3245 1775 3317 sinpaii

121 3343 211 3402 mittes
229 3342 306 3402 ducit
319 3341 353 3400 ad
366 3344 459 3399 vitam.
477 3340 592 3413 Lignum
607 3339 707 3395 diaboli
721 3340 801 3397 ardet
811 3355 921 3411 semper
973 3358 1066 3396 ostreae
1088 3341 1204 3396 cititaras
1228 3342 1319 3412 plenas
1334 3341 1511 3397 odoramentis
1534 3342 1774 3414 supplicationum,

120 3445 151 3497 et
168 3436 295 3504 moriter,
306 3444 334 3492 et
345 3433 379 3490 ad
395 3435 448 3490 ima
462 3432 554 3489 tartari
568 3431 711 3489 credentes
724 3432 849 3490 bomivtes
858 3447 920 3489 cum
972 3449 1030 3505 pvoe
1044 3443 1119 3488 erant
1133 3434 1264 3489 orationes
1286 3442 1446 3497 sanctorum,
1461 3440 1486 3487 et
1498 3443 1665 3489 cantaverant
1677 3450 1773 3490 novvm

120 3527 222 3587 larillis
232 3527 289 3585 sals
301 3526 386 3584 ducit.
403 3525 472 3582 lllud
485 3525 567 3581 etiam
579 3524 660 3596 quale
674 3500 711 3579 sit'
721 3524 828 3582 ratione
850 3533 922 3583 trac·
972 3525 1104 3581 canticum
1118 3524 1231 3579 dieentes
1244 3541 1254 3579 :
1269 3522 1373 3596 llipnas
1383 3540 1409 3579 es
1423 3525 1541 3597 accipere
1555 3525 1661 3593 librum,
1675 3534 1699 3580 et
1711 3542 1774 3599 ape-

121 3628 206 3679 tetur.
230 3620 363 3677 Arborcm
377 3633 455 3675 sitam
480 3615 606 3673 diabolus
626 3629 804 3682 consecrans,
822 3617 921 3673 intem·
972 3618 1025 3672 rire
1045 3618 1121 3689 sipara
1142 3620 1209 3690 ejvs,
1223 3616 1346 3687 qvoniam
1360 3616 1460 3671 occism
1481 3632 1523 3684 es,
1539 3617 1705 3672 etredeatisti
1727 3635 1774 3673 nos

122 3722 200 3789 peste
222 3722 302 3771 nocte
314 3713 430 3770 arietem
445 3712 472 3767 ia
487 3724 566 3765 casa·
582 3708 691 3764 arboris
706 3706 771 3763 lacit
784 3708 922 3764 radicibus
974 3706 1030 3763 Deo
1045 3707 1174 3779 maroniae
1191 3718 1235 3763 tao
1251 3725 1283 3764 ea
1296 3708 1367 3763 carni
1380 3707 1449 3763 tribu
1463 3719 1488 3763 et
1501 3709 1591 3780 iinpsa
1601 3718 1625 3763 et
1639 3710 1736 3782 popvlo
1750 3718 1774 3766 et

121 3806 260 3865 immolari
276 3806 299 3861 ι.
312 3806 380 3876 Quis
395 3805 443 3861 tibi
458 3804 510 3860 lmc
525 3802 659 3858 scelerate
681 3800 834 3872 persuasit?
850 3802 922 3861 stride
974 3805 1095 3870 tratione,
1107 3811 1130 3857 et
1143 3819 1307 3876 nosrepnutn
1323 3801 1378 3859 Dea
1392 3811 1480 3858 vendre
1494 3803 1689 3875 sacerdotesque
1698 3804 1777 3877 secis-

121 3898 177 3959 ton
186 3899 314 3972 pestilera
325 3898 476 3971 cupiditate
491 3895 635 3953 didicisti?
650 3894 802 3966 Semperne
816 3904 842 3951 tc
854 3909 921 3950 con-
973 3896 1011 3962 ti,
1038 3905 1061 3950 et
1087 3894 1251 3967 repnabitnns
1274 3910 1353 3967 svper
1373 3902 1469 3949 terram
1483 3894 1506 3950 ι’.
1530 3894 1652 3951 Joaaues
1666 3909 1774 3965 aruaque

122 4000 165 4053 tra
179 3994 323 4051 Dorttinum
338 4007 474 4058 summum
489 3989 590 4047 nelarie
600 3988 749 4057 ctrpviditate
760 3990 923 4059 componis?
974 3990 1071 4047 Filiam
1085 3990 1133 4046 lici
1149 3991 1211 4061 apati
1221 3991 1333 4047 nomine
1347 3990 1481 4060 appellat,
1497 3997 1527 4045 ut
1539 3997 1568 4045 et
1583 3990 1641 4062 ipse
1654 3990 1774 4061 propbe-

122 4086 186 4144 ideo
202 4085 275 4144 tede
287 4087 495 4143 coeloscverum
507 4082 657 4138 divinitatis
669 4080 804 4150 judicium
820 4083 923 4137 cartana
975 4082 1036 4139 ricae
1053 4082 1245 4153 pollicitationi
1260 4084 1446 4154 respondeat;
1461 4082 1499 4139 ait
1512 4084 1585 4140 enirn
1608 4082 1635 4138 in
1649 4083 1775 4156 Evange-

122 4178 276 4235 bumilitate
291 4177 459 4249 praecipitat,
472 4175 534 4229 irino
550 4173 597 4227 tibi
614 4173 660 4228 Rei
673 4174 808 4227 ιιιιιιιιιιιιιιι
826 4188 923 4243 perpe·
975 4177 1013 4234 lio
1025 4194 1033 4233 ς
1046 4178 1135 4234 Altero
1149 4177 1191 4233 die
1210 4177 1281 4233 pidet
1297 4175 1412 4233 Ioannes
1434 4174 1527 4232 lesum
1545 4176 1686 4231 venientem
1699 4176 1733 4230 ad
1747 4193 1774 4231 se

122 4280 169 4329 trra
185 4286 263 4341 pirena
274 4269 443 4335 decernitur,
459 4266 531 4338 qrtad
547 4264 712 4320 iecinoribus
728 4264 781 4317 tuis
801 4280 850 4335 per
865 4265 923 4322 dics
974 4280 999 4329 et
1008 4272 1068 4329 ait:
1083 4270 1151 4328 Ecce
1160 4288 1243 4343 epuns
1256 4270 1320 4335 Dei,
1337 4271 1448 4338 eccequi
1461 4270 1547 4339 assem
1556 4276 1662 4339 peecata
1673 4266 1773 4321 nrnvrdi.

121 4363 246 4435 singulos
266 4378 366 4420 norum
388 4376 496 4432 semper
512 4358 623 4415 additur
647 4357 771 4421 lacinus,
787 4358 858 4425 rpaod
874 4357 924 4414 lto·
975 4364 1152 4437 (1‚55‚36)¹=
1168 4363 1320 4419 prosatore
1345 4360 1486 4416 bominum
1511 4362 1572 4431 agni
1594 4359 1672 4414 istins
1692 4374 1775 4415 verpe.

123 4455 227 4513 minem
242 4454 291 4511 ⁰05
307 4452 479 4509 fraudulenta
493 4450 603 4508 ⁰0¹¹ii5⁸
624 4449 802 4520 l⁰f⁹¹¹²¹⁸³0¹¹⁶
814 4449 924 4520 deiide·
976 4460 1078 4517 modus
1088 4454 1365 4529 sanguiseliunditur,
1375 4464 1405 4509 ut
1415 4460 1526 4509 saactm
1543 4465 1608 4508 suos
1623 4450 1709 4507 Filius
1727 4452 1777 4509 liei

122 4562 164 4605 tt·
194 4546 262 4605 Vide
288 4549 352 4621 (idid
381 4548 433 4602 tibi
456 4546 622 4602 ludibriosus
656 4542 743 4599 ¹¹⁰⁵¹5⁸
777 4544 923 4604 invenerit.
977 4554 1137 4625 prolusione
1151 4549 1263 4621 pretiosi
1275 4547 1416 4619 sanguinis
1430 4544 1605 4602 redimateut
1614 4545 1659 4617 qui
1673 4543 1778 4605 illinisti

121 4664 222 4723 Nescio
243 4680 277 4719 aa
303 4665 373 4719 alins
400 4662 518 4730 scriptor
550 4661 631 4733 brrjvrs
656 4660 725 4716 ritus
753 4660 961 4728 mentiouemi)
1012 4664 1257 4737 voestensasso
1273 4665 1299 4719 in
1315 4662 1479 4719 sasanorisa
1495 4662 1775 4735 nererbumrptidem

122 4736 214 4794 iaciat.
241 4736 309 4794 tide
330 4745 420 4792 tamea
447 4732 585 4789 Plutarch.
610 4732 645 4789 de
665 4730 738 4787 loide
760 4741 789 4787 et
810 4732 922 4789 osiride
978 4738 1060 4795 babet
1075 4728 1176 4804 lliises,
1193 4751 1283 4807 nerpuo
1297 4735 1397 4806 interp.
1415 4733 1514 4789 latini.

122 4824 149 4867 e.
174 4808 223 4863 tv.
1016 4810 1025 4848 i
1045 4812 1085 4866 lie
1100 4810 1165 4881 pino
1191 4809 1263 4864 lsaud
1283 4806 1366 4863 darbia
1389 4810 1527 4877 lorpdtur3
1543 4806 1684 4875 inquibus
1708 4820 1776 4863 vcro

159 4888 173 4919 ¹
200 4877 285 4937 Recte
319 4878 475 4936 emendarit
506 4875 651 4932 thwerus
679 4874 824 4929 lectionem
853 4872 921 4930 edit.
977 4882 1127 4955 mysteriis,
1155 4882 1261 4937 reticet.
1286 4878 1342 4935 Nec
1366 4878 1476 4935 aliunde
1500 4885 1580 4932 notus
1595 4876 1702 4933 videtur
1731 4875 1777 4933 bie

123 4952 255 5025 principis
270 4950 323 5007 iilis
337 4951 369 5007 de
381 4949 529 5006 santinibns.
553 4945 620 5002 lide
645 4943 783 5001 Plutarclt.
802 4944 838 5000 do
852 4943 922 5001 iside
976 4954 1055 5009 nitus,

122 5022 309 5081 et0siridec.
332 5022 379 5078 dl.
606 5089 613 5101 ·
683 5090 689 5101 Ι
831 5089 837 5099 1
1012 5027 1147 5096 ragnum
1169 5018 1631 5145 paschalemlliaodirvrstsepsp

160 5094 175 5135 b
197 5095 297 5151 Nescio
310 5109 344 5149 aa
360 5093 430 5148 alius
455 5100 550 5147 auctor
567 5088 603 5145 ltu
617 5103 648 5144 us
668 5096 736 5144 rrtus
755 5097 920 5143 mentionem
1014 5094 1140 5152 sparum
1151 5093 1245 5151 dmm
1258 5109 1273 5150 ῃ
1288 5103 1363 5151 1011„
1377 5094 1566 5150 Sabatenem,
1605 5105 1661 5146 m,
1678 5091 1777 5148 geon.

123 5166 216 5224 iaciet.
247 5166 333 5222 Video
359 5165 469 5234 quidem
494 5162 577 5217 Siniti
614 5159 774 5226 rucium‚t,
804 5173 830 5229 l>-
859 5160 923 5226 157,
980 5168 1055 5225 versit
1069 5166 1127 5223 lere
1141 5182 1203 5222 cura
1217 5162 1300 5238 Cppr.
1323 5164 1398 5222 Test.
1416 5164 1464 5221 lib.
1481 5178 1510 5231 n,
1532 5176 1619 5233 usque
1640 5160 1674 5217 ad
1693 5165 1778 5221 verbs

122 5236 268 5297 tatianum
282 5252 308 5293 o.
336 5236 371 5292 lii
394 5234 522 5305 allegare,
542 5234 587 5303 spui
603 5245 669 5287 vero
691 5230 727 5286 de
751 5228 826 5286 Rhea
851 5231 925 5303 apit3
978 5253 1039 5309 arrae
1051 5238 1077 5295 in
1093 5238 1229 5309 cypriano
1239 5236 1441 5293 desiderantur.

124 5318 208 5381 atoue
226 5308 339 5366 draobii
356 5308 431 5362 lucos
445 5320 506 5360 nvos
520 5304 617 5359 citatos
641 5302 676 5359 de
691 5301 776 5359 ilatre
789 5300 870 5358 derum
886 5301 927 5357 lo-
1018 5308 1025 5347 i
1044 5310 1127 5365 Plane
1141 5305 1281 5378 conspirat
1294 5322 1356 5363 cum
1370 5306 1500 5381 Cypriani
1511 5306 1626 5363 Testim.
1645 5306 1714 5359 libro
1729 5320 1757 5363 ιι.

124 5390 252 5456 quesitas.
267 5378 326 5449 Qus
340 5379 374 5434 de
387 5393 416 5433 re
429 5376 561 5433 silvester
574 5373 678 5446 Sacyus
690 5374 807 5430 lectores
819 5387 927 5444 auoque
1017 5382 1024 5430 t
1046 5379 1149 5436 Eadem
1171 5378 1293 5451 pauculis
1306 5380 1430 5449 exceptis
1442 5377 1525 5433 babet
1535 5391 1595 5447 arse
1609 5374 1778 5500 cgprianus,

126 5450 268 5510 admonet.
296 5449 422 5507 Laudare
446 5461 512 5502 sane
541 5442 754 5501 santa-Crucius
785 5444 925 5502 debuisset
978 5451 1007 5507 ia
1030 5465 1064 5507 eo
1087 5466 1195 5523 qrroque
1219 5463 1281 5506 cum
1306 5466 1340 5506 eo
1362 5448 1539 5521 corispiraas,
1568 5462 1622 5518 quo
1665 5462 1737 5503 rers.
1761 5446 1780 5505 8

125 5522 295 5589 Firmicum,
321 5522 450 5587 unicum,
474 5528 503 5573 nt
521 5517 644 5583 ridetur,
658 5515 739 5585 lrujrvs
763 5514 928 5571 narrationis
983 5522 1082 5589 piper,
1106 5536 1205 5577 puppas
1233 5520 1353 5578 cappam
1379 5525 1474 5587 „pem
1498 5519 1683 5575 odoramenti„
1715 5532 1780 5589 sup.

127 5596 243 5651 i'ssfllliffl·
265 5593 383 5651 Ριιιθιιιι
394 5590 471 5647 afferi
481 5588 644 5648 chuzcrus,
660 5602 696 5649 ll·
710 5586 773 5669 ⁴5,ss-
983 5594 1177 5665 plicationstm,
1192 5592 1303 5649 omissis
1320 5592 1412 5651 verbis
1436 5590 1623 5657 intermediis,
1639 5598 1662 5644 et
1676 5588 1778 5662 pbialas

166 5676 179 5705 θ
203 5664 297 5737 ltaque
317 5664 444 5721 absoluto
457 5674 544 5727 aritio,
557 5675 620 5716 eum
634 5657 696 5714 lesti
721 5655 781 5713 dtes
793 5657 928 5726 redirent,
981 5682 1082 5721 aurem,

130 5738 185 5797 tria
204 5736 264 5795 laec
279 5734 424 5794 simulacra
437 5748 453 5789 a
467 5731 654 5790 sacerdotibus
671 5728 873 5785 cremabantur.
1019 5738 1032 5775 ι
1047 5736 1207 5794 nemppe,
1219 5733 1345 5791 fimum·

166 5806 190 5937 ἶ,
196 5806 236 5935 Ιῖο
248 5808 325 5877 ilipa
340 5806 379 5863 nil
392 5806 475 5862 baiset
487 5816 567 5859 sacer
579 5810 688 5867 matus,
705 5814 794 5871 aequa
808 5800 927 5872 interpp.

129 5878 168 5937 [ὶιΊ
191 5875 231 5935 ἦ·
