3810 6144
181 280 237 346 tit
457 279 595 339 Euseuu
607 278 781 341 venduut.
801 279 1026 345 sistentium
1043 283 1116 344 (iiiii
1130 283 1246 345 vetitis
1256 281 1336 347 (201),
1354 283 1551 349 cottttutt.
1783 289 1841 348 tit

384 393 501 453 counit
519 393 807 470 teutmundus?
1257 397 1376 459 counit
1394 399 1620 460 tmuunusts

186 498 215 547 et
225 489 320 546 dieunt
333 488 368 545 ud
605 488 654 544 iim
669 504 768 547 nomen
1035 492 1130 550 dieunt
1142 491 1175 548 ad
1451 495 1513 550 ueni
1527 496 1553 549 in
1567 497 1661 550 trorum

81 582 85 593 ·
186 561 291 619 lesum.
605 568 690 615 tuum.
703 558 790 635 veuit}
1035 563 1137 620 lesum.
1378 581 1391 599 ·
1451 565 1542 622 istam.

185 633 230 689 25.
246 633 287 688 ud
303 632 351 688 iiie
363 645 479 704 respon·
604 637 695 687 eutem
710 648 762 688 uox
1035 635 1081 691 25.
1096 635 1176 692 iesus
1187 644 1279 695 autem
1451 635 1496 693 28.
1517 637 1607 704 Peter,
1623 630 1744 694 ciariiieu

185 705 226 760 dit
238 706 289 770 eis,
301 702 410 761 diceus:
604 703 639 758 de
653 704 747 766 coelis.
765 700 807 760 di·
1035 705 1239 775 responditur,
1451 717 1527 764 tuum
1542 723 1653 764 nomen.

185 774 269 831 Venit
282 777 359 844 imre,
603 789 689 830 cens:
705 776 738 831 Et
753 776 839 843 imno-
1036 778 1147 834 dicens:
1164 777 1244 833 Venit
1452 780 1535 836 Venit
1548 795 1614 850 ergo

186 854 217 903 ut
230 845 363 901 trenortii·
604 845 719 914 ridenti,
733 856 760 902 et
773 846 825 905 ito·
1037 849 1114 917 hora,
1130 861 1161 906 ut
1174 849 1256 906 clari·
1455 866 1507 906 ror
1521 850 1556 907 de
1566 849 1660 907 meio:

187 927 265 975 cetur
278 916 364 974 Filius
604 932 664 972 runt
676 912 806 975 honorid-
1035 919 1132 977 iicetur
1148 918 1233 976 i'iiius
1455 921 1490 977 Et
1499 920 1658 988 clarificabi,

186 990 316 1046 hominis.
604 988 682 1044 eabe.
1037 991 1165 1046 hominis.
1455 1003 1482 1048 et
1496 995 1592 1049 iterum
1609 992 1668 1050 eiu·

187 1061 234 1116 tt.
256 1065 355 1128 Amen,
368 1073 448 1119 amen
604 1058 650 1116 tt.
663 1059 765 1128 Turbo,
781 1075 851 1130 utute
1035 1062 1082 1119 Ἡ.
1098 1068 1195 1129 Amen,
1211 1076 1289 1123 amen
1454 1063 1576 1121 riieuiro.

154 1165 156 1168 <
188 1132 410 1199 dicovobis,ni·
605 1131 706 1196 stabat,
722 1140 749 1186 et
761 1134 854 1189 audie-
1037 1132 1200 1198 diminuis,
1454 1135 1500 1191 tt.
1520 1135 1698 1208 Turbuerpm

186 1204 209 1260 si
225 1218 337 1273 granum
606 1201 661 1269 but,
676 1203 783 1259 dicebat
795 1221 802 1260 t
815 1202 868 1262 Td-
1036 1205 1089 1260 uisi
1102 1219 1214 1273 prunum
1452 1222 1521 1278 qrrae
1531 1205 1631 1274 stabat,

188 1274 270 1330 tritici
289 1274 391 1331 cadens
605 1274 694 1329 uitrua
707 1274 717 1305 ³
728 1272 807 1342 iacta]
1036 1277 1118 1332 tritici
1132 1276 1234 1333 cadens
1452 1289 1479 1332 et
1494 1277 1630 1343 audiebat,

188 1346 214 1401 in
227 1352 310 1410 terra,
321 1361 380 1400 mo·
605 1355 677 1399 sunt.
692 1345 745 1401 uui
756 1346 830 1404 diee-
1036 1346 1063 1402 in
1075 1357 1184 1412 terram,
1201 1363 1273 1405 mor·
1452 1347 1598 1405 dixerunt:
1609 1349 1647 1421 (o)
1662 1347 1714 1406 To-

186 1415 233 1473 25.
249 1418 448 1489 riuturpipsum
604 1415 688 1472 baut:
705 1417 825 1487 Angelus
1036 1426 1110 1473 tuum
1126 1417 1217 1485 tuerit,
1453 1422 1572 1476 nitruum
1589 1420 1688 1476 iactum

188 1489 277 1544 sotum
290 1503 384 1545 mano-
605 1494 648 1542 est
660 1488 697 1542 iiii
713 1489 829 1547 loeutus.
1035 1488 1081 1545 25.
1097 1490 1184 1560 ipsum
1198 1489 1287 1547 solum
1452 1499 1495 1546 est
1507 1493 1539 1563 †.
1554 1490 1607 1546 diii
1620 1492 1662 1546 tii·

191 1560 249 1624 itit3
267 1558 289 1613 si
304 1575 368 1615 vero
381 1575 442 1619 mo·
606 1559 650 1614 50.
663 1558 813 1626 Respondit
826 1560 918 1632 lesus,
1036 1569 1144 1628 munet;
1159 1563 1181 1617 si
1195 1575 1243 1616 nu-
1452 1563 1550 1618 ceimut
1563 1581 1569 1617 :
1584 1563 1674 1633 Auge

186 1631 281 1695 riatur,
293 1630 363 1685 mui-
605 1638 633 1684 et
643 1630 711 1685 dixit
723 1629 796 1685 iliis:
1037 1640 1091 1687 tem
1107 1634 1242 1687 mortuum
1453 1634 1496 1689 lus
1512 1635 1536 1690 ei
1551 1634 1658 1689 loeutus

188 1710 245 1757 tum
261 1701 377 1760 fructum
605 1700 664 1756 Non
679 1711 789 1772 propter
1036 1701 1127 1769 tuerit,
1144 1704 1256 1759 muitum
1453 1713 1507 1762 est.

189 1771 304 1828 adseret.
605 1786 649 1827 me
664 1788 714 1828 uox
730 1773 798 1829 iuteo
1036 1774 1280 1831 tructumedieret.
1392 1802 1409 1829 ο
1452 1778 1497 1832 50.
1518 1774 1670 1846 Respondit
1683 1773 1775 1844 letus,

187 1843 238 1911 Qui
254 1853 327 1901 umet
339 1847 397 1903 eni·
605 1844 689 1906 uenit,
703 1843 750 1898 sed
765 1858 847 1917 prop-
1036 1845 1087 1913 Qui
1102 1857 1175 1900 amut
1185 1843 1243 1902 oni·
1452 1859 1479 1904 et
1490 1848 1558 1902 dixit
1571 1865 1578 1901 ε
1591 1845 1650 1903 Νοη

185 1930 258 1970 mam
274 1931 362 1986 suam,
604 1915 649 1970 dt.
667 1925 707 1970 ter
719 1930 778 1970 uos.
796 1918 872 1977 Nouo
1037 1932 1107 1972 mum
1123 1932 1198 1972 suum
1213 1917 1240 1972 iu
1257 1915 1309 1974 irue
1453 1928 1564 1989 propter
1575 1933 1619 1974 me

185 1986 282 2056 perdet
296 1988 386 2046 iiimuz
601 1984 734 2057 judicium
1037 1988 1149 2052 mundo,
1167 1988 1262 2058 perdet
1453 2005 1505 2046 vox
1521 1992 1587 2046 haee
1597 1986 1681 2053 uenit,

185 2059 194 2089 ¹
209 2059 294 2128 etqui
309 2058 367 2116 odit
603 2070 646 2114 est
657 2058 737 2128 hujus
750 2072 828 2117 mun·
1036 2073 1117 2114 eam:
1134 2061 1217 2130 etqui
1234 2055 1291 2116 odit
1425 2111 1428 2116 .
1451 2062 1500 2116 sed
1514 2067 1691 2131 propteruos.

184 2128 303 2185 unimam
319 2147 396 2190 sumn
602 2128 648 2184 di:
666 2144 737 2186 nune
752 2130 829 2189 Prin-
1036 2131 1154 2185 animum
1166 2145 1243 2187 sunm
1452 2133 1498 2189 di.
1517 2129 1726 2202 Nuuejuditiuru

185 2200 213 2255 in
228 2200 279 2255 iroe
293 2217 371 2258 mun-
603 2215 669 2271 eeps
682 2201 761 2270 hujus
772 2219 851 2261 muu—
1037 2200 1064 2257 in
1080 2202 1130 2257 iroc
1144 2218 1224 2257 muu-
1452 2213 1496 2259 est
1509 2202 1602 2258 muudi
1616 2221 1622 2258 :

185 2271 232 2338 do,
246 2271 274 2326 iu
292 2273 374 2332 uitam
603 2271 757 2328 dimittitur
1036 2271 1084 2340 tio,
1095 2273 1121 2328 in
1136 2274 1219 2329 uitam
1454 2290 1526 2330 nune
1540 2275 1671 2345 Princeps

185 2351 324 2400 aeternam
603 2343 647 2398 52.
663 2343 746 2400 toras.
761 2345 820 2418 Ego
834 2361 897 2403 eunt
1036 2353 1174 2400 aeternam
1186 2360 1234 2400 cu·
1453 2346 1545 2402 muudi
1558 2345 1638 2414 huius

185 2415 317 2472 custodiet
333 2417 366 2472 ii·
602 2414 733 2471 exaltatus
1036 2414 1121 2470 studit
1134 2431 1204 2471 earn.
1452 2419 1573 2472 mittetur
1585 2415 1667 2471 deor-

183 2484 229 2541 26.
246 2487 308 2542 itm.
325 2487 353 2544 Si
368 2488 429 2562 quis
604 2485 679 2541 tuero
695 2487 728 2541 de
744 2496 798 2544 ter·
1036 2484 1083 2541 ΞΒ.
1094 2486 1122 2543 si
1134 2486 1194 2557 quis
1209 2484 1274 2543 mihi
1453 2488 1497 2544 ὅθ.
1518 2502 1588 2542 sum.
1606 2485 1642 2541 Et
1655 2497 1706 2556 ego

184 2556 251 2612 miiri
267 2559 363 2615 minis·
602 2570 643 2624 ra,
659 2559 748 2613 omnin
763 2567 817 2616 tra·
1036 2557 1183 2622 ministrat,
1196 2573 1237 2616 se·
1453 2561 1475 2615 si
1489 2558 1623 2614 exaltatus

184 2635 250 2695 trot,
263 2639 391 2698 sequetur
603 2627 665 2683 itum
677 2628 711 2682 mi
725 2645 779 2686 me.
1035 2639 1133 2698 quatur
1144 2644 1187 2685 me
1200 2648 1208 2686 r
1454 2644 1502 2685 ero
1517 2640 1627 2693 aternu,

149 2742 152 2747 .
186 2701 414 2774 me:etuiriego
603 2697 890 2772 teudemundi-
1035 2707 1063 2755 et
1076 2701 1120 2756 ubi
1134 2715 1185 2783 epo
1455 2696 1664 2756 omuittr'airum

185 2784 257 2834 sum,
274 2770 308 2826 iiri
322 2781 350 2826 et
361 2775 412 2830 mi-
603 2770 693 2831 cebat‚
706 2772 789 2840 signi·
1034 2783 1107 2834 sum,
1123 2771 1180 2826 ittre
1455 2772 1499 2827 33.
1520 2771 1553 2826 ud
1568 2787 1621 2825 me.
1637 2767 1693 2826 Huc

185 2840 272 2895 nister
283 2856 359 2898 meus
603 2837 689 2895 iieens
699 2856 752 2911 qua
767 2857 839 2898 mor-
1035 2847 1064 2895 et
1075 2841 1201 2897 minister
1453 2851 1544 2899 eutem
1560 2842 1680 2905 dicebat,

186 2912 249 2968 erit.
262 2912 291 2967 Si
302 2914 363 2983 quis
605 2915 800 2970 teerotmort·
1036 2914 1187 2968 meuserit.
1454 2911 1676 2984 siguiireausqut

185 2982 252 3037 miiri
267 2984 361 3039 miuis-
606 2981 705 3055 turus.)
1035 2981 1064 3038 st
1075 2984 1136 3055 quis
1146 2993 1237 3040 autem
1455 2994 1543 3041 morte
1556 2991 1631 3041 esset

185 3061 250 3119 tritt,
267 3053 384 3111 honora·
604 3053 651 3108 tt.
667 3053 818 3126 Respondit
829 3055 862 3119 ii-,
1036 3054 1103 3109 miiri
1117 3053 1252 3110 ministra·
1455 3058 1615 3112 moriturus.

185 3124 316 3181 vitilium
332 3127 381 3183 Po-
605 3124 623 3179 ii
639 3127 734 3181 turbe:
750 3125 805 3183 Nos
1037 3124 1221 3191 herimitorio·
1335 3165 1338 3170 ·
1455 3129 1500 3184 nt.
1520 3122 1674 3197 Respondit

186 3204 227 3252 ter
240 3211 329 3252 meus.
604 3194 756 3253 audirimus
1035 3197 1151 3252 riumuit
1165 3213 1227 3254 eum
1455 3200 1479 3255 ei
1504 3200 1582 3254 turba
1596 3215 1604 3251 ι

185 3267 231 3322 27.
247 3266 324 3323 Nunc
334 3269 424 3329 auimtt
603 3268 734 3339 seriptum
749 3268 776 3324 in
1036 3266 1125 3324 Pater.
1454 3270 1509 3326 Ros
1521 3269 1675 3324 erudivimus

186 3341 354 3395 menturba-
604 3338 811 3412 tegeutquod
829 3334 985 3414 †Cirristus
1036 3339 1082 3394 27.
1101 3338 1280 3396 Nuneanimr
1458 3341 1577 3412 exlege,
1594 3333 1744 3412 (tinuit'r

185 3412 290 3466 tuniit
322 3413 367 3469 uid
603 3414 736 3467 muuetiu
864 3416 871 3430 ‘
1036 3411 1247 3469 nretturhatur.
1455 3414 1689 3468 Christusurenet

185 3481 296 3537 dicum?
331 3492 400 3552 tter,
603 3491 768 3539 aeternum:
939 3504 947 3516 ·
1037 3482 1073 3538 Et
1087 3481 1150 3551 uuiti
1163 3481 1204 3537 tii·
1454 3484 1662 3539 iueeternum:

184 3553 269 3609 iibere
284 3569 327 3610 me
340 3555 375 3612 de
603 3566 629 3607 et
643 3554 782 3622 quomodo
1036 3553 1219 3621 enmii’uten
1454 3563 1483 3610 et
1517 3553 1634 3609 uomodo

186 3623 256 3680 hune
270 3625 335 3694 hora
349 3644 356 3682 :
604 3631 632 3680 tu
647 3625 716 3682 dieis
731 3644 737 3680 :
751 3626 829 3695 Quod
1037 3624 1159 3680 suluisren
1172 3640 1217 3682 me
1456 3635 1485 3680 tu
1497 3571 1584 3680 dieis:
1601 3623 1671 3693 Quia

186 3696 235 3750 sed
247 3696 309 3750 ideo
324 3698 387 3753 veni
602 3704 711 3766 oportet
723 3700 797 3754 exai—
1037 3696 1118 3751 Pater
1128 3712 1161 3752 er
1174 3696 1225 3754 ime
1456 3705 1566 3767 oportet
1584 3692 1659 3759 esti·

186 3766 213 3820 iu
230 3766 300 3821 harre
314 3767 422 3824 horum.
604 3770 653 3824 tari
665 3769 764 3824 Filium
1038 3766 1124 3822 hora:
1458 3769 1508 3823 tari
1524 3767 1623 3823 Filium
1639 3762 1689 3821 iro-

184 3835 230 3892 28.
247 3837 361 3906 Pater,²
377 3840 488 3899 honori·
602 3839 740 3898 hominis?
753 3840 805 3909 Qui
1037 3837 1086 3894 sed
1101 3847 1246 3908 propterea
1458 3838 1556 3896 minis?
1573 3838 1640 3908 Quis

845 3972 962 4032 CODEX
981 3970 1178 4032 BRleANUS.

176 4089 312 4146 ‘dixerunt
337 4092 369 4146 ed
404 4092 496 4149 iesum
531 4093 611 4150 Jesus
639 4103 740 4151 autem.
775 4089 915 4161 respondit
943 4089 983 4146 eis
1034 4086 1840 4160 Pnterciuritiranomentuunr.Veuitergoroxdeeueio.

184 4161 288 4217 diceus.
314 4162 395 4219 Venit
425 4166 491 4220 uoru
520 4176 550 4221 ut
583 4166 748 4222 eiuriiieetur
776 4163 861 4219 Fiiius
896 4163 984 4218 iromi·
1035 4161 1070 4218 Et
1082 4162 1238 4216 diiudicari.
1253 4171 1280 4216 et
1293 4163 1389 4218 iterum
1403 4162 1568 4218 etartuetvo.
1584 4160 1675 4218 Turbo
1687 4176 1753 4231 ergo
1765 4175 1841 4229 quse

184 4233 238 4288 uis.
269 4235 354 4292 Amen
382 4250 460 4292 umen
486 4237 548 4292 dieo
574 4237 651 4292 robis
678 4236 729 4292 nisi
750 4250 863 4306 prunum
890 4234 982 4290 tritici.
1035 4233 1162 4289 stabunt
1178 4233 1310 4288 audierat.
1327 4233 1434 4289 dicetur
1456 4233 1617 4290 Tonitruum
1635 4233 1737 4288 tactum
1762 4244 1839 4289 esse.

184 4304 286 4361 culeus
304 4308 330 4360 iu
350 4315 449 4362 terrum
465 4318 599 4365 mortuum
615 4309 704 4363 tuerit.
727 4309 814 4379 ipsum
834 4307 920 4362 sulum
942 4321 985 4360 re·
1036 4303 1091 4360 diii
1104 4304 1241 4360 dicebant.
1257 4302 1376 4375 Augetur
1389 4308 1412 4359 ei
1429 4305 1536 4361 ioeutus
1558 4315 1610 4360 est.
1626 4303 1776 4374 Respondit
1792 4301 1842 4359 le·

184 4387 286 4432 mouet.
312 4382 333 4432 si
360 4390 451 4434 autern
475 4389 609 4436 mortuum
632 4379 714 4435 inerit
731 4381 845 4434 muitum
870 4379 983 4431 iruetum
1036 4390 1093 4432 sus.
1113 4387 1140 4430 et
1153 4377 1231 4431 ituit.
1254 4375 1311 4431 Nou
1328 4386 1438 4446 propter
1457 4392 1500 4433 rue
1524 4390 1577 4432 tux
1592 4377 1660 4432 iuteo
1684 4374 1755 4431 tacu
1770 4382 1839 4430 est.

184 4446 273 4502 effert.
282 4449 331 4518 Qui
343 4460 416 4505 uruat
427 4453 544 4506 uniumm
553 4467 629 4508 sumn
642 4452 736 4523 perdet
751 4465 822 4506 earu.
834 4457 861 4504 et
872 4446 984 4520 uuiodit
1038 4446 1086 4501 sed
1111 4456 1222 4517 propter
1245 4461 1293 4501 uos
1318 4447 1395 4502 Nune
1405 4447 1537 4517 judicium
1564 4456 1607 4503 est
1626 4447 1707 4516 hujus
1732 4444 1841 4501 muudi.

185 4519 304 4574 eniuram
323 4534 399 4575 suum
415 4523 440 4575 iu
455 4528 505 4577 tuoe
519 4524 619 4583 mundo
631 4524 657 4578 iu
677 4525 760 4577 ritum
776 4528 916 4576 aeteruum
935 4531 982 4574 ctr-
1034 4532 1107 4573 uuue
1122 4519 1251 4588 Priueeps
1264 4517 1344 4588 huius
1357 4518 1451 4575 mundi
1464 4519 1578 4575 uicietur
1601 4518 1685 4574 iores.
1702 4517 1737 4573 tit
1751 4530 1804 4587 epu
1816 4518 1842 4574 si

184 4590 269 4646 studit
288 4600 359 4647 eum.
377 4592 467 4660 Siquis
481 4594 545 4648 tutin
569 4595 715 4650 ministrat.
733 4606 777 4649 me
797 4601 939 4661 sentiatur.
954 4599 982 4644 et
1034 4590 1169 4645 exuturus
1196 4589 1273 4644 iuero
1301 4605 1316 4644 u
1344 4599 1427 4645 terro.
1456 4592 1547 4646 omnia
1575 4590 1681 4645 truttam
1713 4589 1747 4643 ad
1783 4591 1845 4643 me.'

185 4663 229 4717 ubi
243 4678 302 4717 surn
314 4678 365 4734 epu
379 4664 433 4718 iiiie
445 4673 472 4718 et
483 4667 609 4720 minister
624 4680 701 4721 meus
718 4677 771 4720 est.
785 4663 819 4719 iit
831 4663 916 4733 siquis
931 4661 983 4716 mi·
1035 4660 1092 4716 iioe
1115 4670 1205 4716 nutem
1231 4660 1349 4715 dicebat.
1376 4661 1545 4731 significuus.
1569 4676 1622 4732 qun
1648 4667 1738 4716 morte
1762 4669 1842 4716 esset

185 4731 212 4788 iri
229 4735 431 4791 ministraverit.
443 4735 633 4793 honorificarit
644 4751 706 4792 euru
721 4736 810 4791 Puter.
828 4734 905 4790 Nune
923 4735 983 4788 uui·
1035 4733 1193 4788 moriturus.
1209 4731 1357 4799 Respondit
1368 4733 1393 4788 ei
1410 4735 1498 4788 turim.
1513 4731 1568 4788 Nos
1579 4733 1730 4788 audirimus¹
1742 4744 1777 4786 ex
1799 4731 1841 4787 ie·

185 4817 229 4858 rno
244 4821 313 4862 mee.
332 4807 439 4863 turben
451 4817 503 4862 est.
522 4807 556 4862 Et
570 4806 636 4878 quid
648 4809 747 4863 diuum.
765 4807 928 4863 Potersairs
939 4819 982 4860 me
1034 4819 1078 4875 pe.
1103 4804 1130 4876 b)
1141 4805 1203 4874 utris
1214 4803 1504 4874 'schristutmnnetin
1515 4802 1843 4870 ueternumetuuoruudo

185 4886 220 4930 ex
235 4874 286 4934 hee
306 4877 384 4935 horn.
410 4877 464 4936 Sed
484 4885 628 4953 pmpteret
647 4878 720 4937 reni.
736 4879 763 4935 iu
779 4878 874 4934 irororn
900 4877 987 4931 uene.
1035 4884 1066 4932 tu
1080 4875 1158 4932 dreis.
1171 4876 1238 4944 Quin
1253 4882 1361 4946 oportet
1382 4875 1496 4933 emitari
1510 4873 1749 4933 Filiumiromtuis.
1770 4873 1843 4942 Quis

829 4982 948 5050 detuit
964 4988 1199 5052 consttuusts.

217 5111 263 5167 ii.
278 5110 328 5167 nisi
343 5128 455 5184 granum
471 5116 562 5184 tritici,
576 5123 630 5172 ete.
1075 5106 1122 5165 29.
1136 5122 1206 5179 quae
1226 5106 1327 5172 stabat,
1348 5105 1475 5164 dicebat:
1491 5108 1653 5165 'ionitruum
1667 5106 1769 5163 iactum
1784 5117 1839 5166 est.

217 5183 264 5242 27.
280 5182 370 5255 Pater,
384 5184 467 5243 libem
488 5203 532 5246 me
544 5203 577 5247 ex
590 5187 641 5246 trae
656 5190 732 5248 tropa.
1073 5179 1121 5236 di.
1137 5193 1209 5235 nune
1220 5178 1350 5251 Princeps
1361 5178 1453 5237 mundi
1464 5179 1587 5239 mittetur
1597 5180 1736 5238 deorsum

753 5305 756 5309 ’
811 5322 1009 5386 eruturus
1025 5321 1226 5383 nucrmuns.

214 5447 223 5479 ¹
241 5447 303 5498 tim.
316 5452 343 5498 et
353 5447 397 5511 oui
407 5445 545 5512 perdiderit
555 5449 669 5499 anturnm.
685 5445 758 5513 tuto.
773 5453 799 5500 et
809 5449 851 5513 qut
867 5446 984 5499 odittni·
1068 5442 1079 5477 ⁸
1096 5440 1149 5493 dut.
1162 5437 1251 5491 tectum
1262 5440 1389 5515 :Angelus
1405 5441 1472 5493 euim
1489 5440 1524 5494 ei.
1538 5434 1612 5504 γαίᾳ.
1624 5438 1724 5490 iactum.
1735 5436 1785 5489 Alii
1801 5437 1842 5490 di·

182 5519 246 5558 rmm
1036 5503 1309 5567 eebtuttduseitttet.

214 5571 225 5602 ¹
243 5547 303 5621 tim.
313 5571 418 5624 eiariiiea
425 5570 516 5625 Filium
522 5578 600 5625 tuum.
613 5570 799 5641 rutpetartuca
806 5582 895 5622 nomen
904 5577 983 5624 tum·

853 5672 1037 5739 BbdNGiuNl
1054 5674 1167 5733 NOTAE.

230 5793 269 5876 (a)
281 5792 320 5869 itt
330 5801 359 5852 et
369 5793 431 5862 cod.
443 5793 643 5892 Cuntdppemt
654 5802 763 5888 pepon.
778 5794 865 5863 Favet
872 5792 1065 5862 tutdtmto
1083 5818 1121 5840 ··
1136 5791 1177 5871 tii
1195 5789 1279 5860 diiii
1297 5789 1376 5872 titia.
1395 5790 1478 5859 ttitn
1492 5796 1549 5861 tet.
1568 5787 1617 5850 Gi·
1629 5786 1681 5866 itt·
