<?xml version="1.0" encoding="UTF-8"?>
<!DOCTYPE html PUBLIC "-//W3C//DTD XHTML 1.0 Transitional//EN"
    "http://www.w3.org/TR/xhtml1/DTD/xhtml1-transitional.dtd">
<html xmlns="http://www.w3.org/1999/xhtml" xml:lang="en" lang="en">
 <head>
  <title>
</title>
<meta http-equiv="Content-Type" content="text/html;charset=utf-8" />
  <meta name='ocr-system' content='tesseract 3.04.00' />
  <meta name='ocr-capabilities' content='ocr_page ocr_carea ocr_par ocr_line ocrx_word'/>
</head>
<body>
  <div class='ocr_page' id='page_1' title='image "./patrologiaecurs44unkngoog_0039.png"; bbox 0 0 3810 6144; ppageno 0'>
   <div class='ocr_carea' id='block_1_1' title="bbox 166 241 1822 313">
    <p class='ocr_par' dir='ltr' id='par_1_1' title="bbox 166 241 1822 313">
     <span class='ocr_line' id='line_1_1' title="bbox 166 241 1822 313; baseline -0.005 -7"><span class='ocrx_word' id='word_1_1' title='bbox 166 245 204 308; x_wconf 76' lang='lat' dir='ltr'><strong>bi</strong></span> <span class='ocrx_word' id='word_1_2' title='bbox 854 241 1124 308; x_wconf 69' lang='lat' dir='ltr'><strong>lecbtbblttttte</strong></span> <span class='ocrx_word' id='word_1_3' title='bbox 1687 291 1694 298; x_wconf 89' lang='lat'><strong>.</strong></span> <span class='ocrx_word' id='word_1_4' title='bbox 1786 256 1822 313; x_wconf 74' lang='lat' dir='ltr'><strong>eg</strong></span> 
     </span>
    </p>
   </div>
   <div class='ocr_carea' id='block_1_2' title="bbox 94 354 1835 5733">
    <p class='ocr_par' dir='ltr' id='par_1_2' title="bbox 94 354 1835 5733">
     <span class='ocr_line' id='line_1_2' title="bbox 166 354 1823 431; baseline 0 -13"><span class='ocrx_word' id='word_1_5' title='bbox 166 366 232 426; x_wconf 81' lang='lat' dir='ltr'><strong>sert</strong></span> <span class='ocrx_word' id='word_1_6' title='bbox 248 373 312 417; x_wconf 89' lang='lat' dir='ltr'><strong>oact</strong></span> <span class='ocrx_word' id='word_1_7' title='bbox 323 358 397 418; x_wconf 87' lang='lat' dir='ltr'><strong>illam</strong></span> <span class='ocrx_word' id='word_1_8' title='bbox 412 363 517 416; x_wconf 79' lang='lat' dir='ltr'><strong>mamm</strong></span> <span class='ocrx_word' id='word_1_9' title='bbox 535 356 718 430; x_wconf 89' lang='lat' dir='ltr'><strong>arrogantiam</strong></span> <span class='ocrx_word' id='word_1_10' title='bbox 738 354 895 416; x_wconf 84' lang='lat' dir='ltr'><strong>tndaoren</strong></span> <span class='ocrx_word' id='word_1_11' title='bbox 919 370 965 412; x_wconf 88' lang='lat' dir='ltr'><strong>re·</strong></span> <span class='ocrx_word' id='word_1_12' title='bbox 978 361 1004 420; x_wconf 72' lang='lat' dir='ltr'>A</span> <span class='ocrx_word' id='word_1_13' title='bbox 1017 355 1149 428; x_wconf 76' lang='lat' dir='ltr'><strong>mysterio</strong></span> <span class='ocrx_word' id='word_1_14' title='bbox 1160 354 1240 413; x_wconf 84' lang='lat' dir='ltr'><strong>lirare</strong></span> <span class='ocrx_word' id='word_1_15' title='bbox 1254 364 1396 431; x_wconf 90' lang='lat' dir='ltr'><strong>ratamqne</strong></span> <span class='ocrx_word' id='word_1_16' title='bbox 1407 355 1671 429; x_wconf 87' lang='lat' dir='ltr'><strong>babuisacautiqcoa</strong></span> <span class='ocrx_word' id='word_1_17' title='bbox 1681 359 1823 418; x_wconf 80' lang='lat' dir='ltr'><strong>Patresae</strong></span> 
     </span>
     <span class='ocr_line' id='line_1_3' title="bbox 166 445 1824 522; baseline 0.002 -15"><span class='ocrx_word' id='word_1_18' title='bbox 166 449 259 507; x_wconf 87' lang='lat' dir='ltr'><strong>tendit</strong></span> <span class='ocrx_word' id='word_1_19' title='bbox 274 447 410 518; x_wconf 86' lang='lat' dir='ltr'><strong>loannes,</strong></span> <span class='ocrx_word' id='word_1_20' title='bbox 433 451 590 520; x_wconf 84' lang='lat' dir='ltr'><strong>neutiquam</strong></span> <span class='ocrx_word' id='word_1_21' title='bbox 608 462 742 522; x_wconf 85' lang='lat' dir='ltr'><strong>gsuuseu</strong></span> <span class='ocrx_word' id='word_1_22' title='bbox 765 445 901 505; x_wconf 79' lang='lat' dir='ltr'><strong>Abrabam</strong></span> <span class='ocrx_word' id='word_1_23' title='bbox 916 445 967 503; x_wconf 92' lang='lat' dir='ltr'><strong>de·</strong></span> <span class='ocrx_word' id='word_1_24' title='bbox 1020 446 1142 506; x_wconf 84' lang='lat' dir='ltr'><strong>bdelium</strong></span> <span class='ocrx_word' id='word_1_25' title='bbox 1166 448 1270 519; x_wconf 89' lang='lat' dir='ltr'><strong>plebes.</strong></span> <span class='ocrx_word' id='word_1_26' title='bbox 1289 447 1317 507; x_wconf 89' lang='lat' dir='ltr'><strong>id</strong></span> <span class='ocrx_word' id='word_1_27' title='bbox 1338 450 1410 506; x_wconf 85' lang='lat' dir='ltr'><strong>enim</strong></span> <span class='ocrx_word' id='word_1_28' title='bbox 1426 466 1480 506; x_wconf 87' lang='lat' dir='ltr'><strong>tren</strong></span> <span class='ocrx_word' id='word_1_29' title='bbox 1504 449 1623 507; x_wconf 88' lang='lat' dir='ltr'><strong>cbscure</strong></span> <span class='ocrx_word' id='word_1_30' title='bbox 1636 450 1764 509; x_wconf 83' lang='lat' dir='ltr'><strong>indicarit</strong></span> <span class='ocrx_word' id='word_1_31' title='bbox 1777 467 1824 511; x_wconf 77' lang='lat' dir='ltr'><strong>ca·</strong></span> 
     </span>
     <span class='ocr_line' id='line_1_4' title="bbox 167 539 1826 615; baseline 0.002 -16"><span class='ocrx_word' id='word_1_32' title='bbox 167 541 278 600; x_wconf 86' lang='lat' dir='ltr'><strong>ductum</strong></span> <span class='ocrx_word' id='word_1_33' title='bbox 292 543 461 614; x_wconf 76' lang='lat' dir='ltr'><strong>vituperans.</strong></span> <span class='ocrx_word' id='word_1_34' title='bbox 474 540 607 599; x_wconf 74' lang='lat' dir='ltr'><strong>Eandem</strong></span> <span class='ocrx_word' id='word_1_35' title='bbox 622 540 701 597; x_wconf 76' lang='lat' dir='ltr'><strong>affert</strong></span> <span class='ocrx_word' id='word_1_36' title='bbox 722 539 810 596; x_wconf 86' lang='lat' dir='ltr'><strong>lucem</strong></span> <span class='ocrx_word' id='word_1_37' title='bbox 828 539 967 594; x_wconf 81' lang='lat' dir='ltr'><strong>luissen-</strong></span> <span class='ocrx_word' id='word_1_38' title='bbox 1020 541 1133 612; x_wconf 91' lang='lat' dir='ltr'><strong>pitulum</strong></span> <span class='ocrx_word' id='word_1_39' title='bbox 1150 542 1203 598; x_wconf 85' lang='lat' dir='ltr'><strong>lilii</strong></span> <span class='ocrx_word' id='word_1_40' title='bbox 1215 542 1289 600; x_wconf 89' lang='lat' dir='ltr'><strong>tertii</strong></span> <span class='ocrx_word' id='word_1_41' title='bbox 1312 542 1428 611; x_wconf 85' lang='lat' dir='ltr'><strong>indicis,</strong></span> <span class='ocrx_word' id='word_1_42' title='bbox 1452 543 1524 615; x_wconf 90' lang='lat' dir='ltr'><strong>quod</strong></span> <span class='ocrx_word' id='word_1_43' title='bbox 1546 542 1590 600; x_wconf 89' lang='lat' dir='ltr'><strong>bis</strong></span> <span class='ocrx_word' id='word_1_44' title='bbox 1610 544 1717 601; x_wconf 89' lang='lat' dir='ltr'><strong>duobus</strong></span> <span class='ocrx_word' id='word_1_45' title='bbox 1730 545 1826 603; x_wconf 86' lang='lat' dir='ltr'><strong>uerbis</strong></span> 
     </span>
     <span class='ocr_line' id='line_1_5' title="bbox 168 633 1825 707; baseline -0.001 -10"><span class='ocrx_word' id='word_1_46' title='bbox 168 640 261 697; x_wconf 79' lang='lat' dir='ltr'><strong>tectim</strong></span> <span class='ocrx_word' id='word_1_47' title='bbox 274 639 414 699; x_wconf 69' lang='lat' dir='ltr'><strong>liuttbaeis</strong></span> <span class='ocrx_word' id='word_1_48' title='bbox 424 637 499 695; x_wconf 81' lang='lat' dir='ltr'><strong>Bruti</strong></span> <span class='ocrx_word' id='word_1_49' title='bbox 514 637 702 698; x_wconf 71' lang='lat' dir='ltr'><strong>misericordes.</strong></span> <span class='ocrx_word' id='word_1_50' title='bbox 718 635 840 706; x_wconf 81' lang='lat' dir='ltr'><strong>quostiam</strong></span> <span class='ocrx_word' id='word_1_51' title='bbox 853 634 904 705; x_wconf 84' lang='lat' dir='ltr'><strong>ipsi</strong></span> <span class='ocrx_word' id='word_1_52' title='bbox 916 633 967 688; x_wconf 86' lang='lat' dir='ltr'><strong>mi·</strong></span> <span class='ocrx_word' id='word_1_53' title='bbox 1020 635 1184 700; x_wconf 68' lang='lat' dir='ltr'><strong>continetur.</strong></span> <span class='ocrx_word' id='word_1_54' title='bbox 1202 633 1305 692; x_wconf 80' lang='lat' dir='ltr'><strong>oblatio</strong></span> <span class='ocrx_word' id='word_1_55' title='bbox 1319 637 1385 707; x_wconf 77' lang='lat' dir='ltr'><strong>rias.</strong></span> <span class='ocrx_word' id='word_1_56' title='bbox 1403 636 1506 692; x_wconf 78' lang='lat' dir='ltr'>Deinde</span> <span class='ocrx_word' id='word_1_57' title='bbox 1519 637 1546 693; x_wconf 90' lang='lat' dir='ltr'><strong>in</strong></span> <span class='ocrx_word' id='word_1_58' title='bbox 1560 652 1626 695; x_wconf 85' lang='lat' dir='ltr'><strong>ntes.</strong></span> <span class='ocrx_word' id='word_1_59' title='bbox 1643 639 1739 696; x_wconf 87' lang='lat' dir='ltr'><strong>codice</strong></span> <span class='ocrx_word' id='word_1_60' title='bbox 1754 637 1825 696; x_wconf 82' lang='lat' dir='ltr'><strong>Cer-</strong></span> 
     </span>
     <span class='ocr_line' id='line_1_6' title="bbox 168 725 1825 801; baseline 0.001 -11"><span class='ocrx_word' id='word_1_61' title='bbox 168 735 334 790; x_wconf 76' lang='lat' dir='ltr'><strong>unicordiem</strong></span> <span class='ocrx_word' id='word_1_62' title='bbox 347 743 544 801; x_wconf 69' lang='lat' dir='ltr'><strong>commentor,</strong></span> <span class='ocrx_word' id='word_1_63' title='bbox 567 731 654 788; x_wconf 80' lang='lat' dir='ltr'><strong>codex</strong></span> <span class='ocrx_word' id='word_1_64' title='bbox 676 726 945 786; x_wconf 80' lang='lat' dir='ltr'><strong>San-Germanensis</strong></span> <span class='ocrx_word' id='word_1_65' title='bbox 958 741 967 792; x_wconf 73' lang='grc' dir='ltr'>ς</span> <span class='ocrx_word' id='word_1_66' title='bbox 1020 725 1136 795; x_wconf 81' lang='lat' dir='ltr'><strong>belensi,</strong></span> <span class='ocrx_word' id='word_1_67' title='bbox 1150 737 1212 800; x_wconf 88' lang='lat' dir='ltr'><strong>post</strong></span> <span class='ocrx_word' id='word_1_68' title='bbox 1222 731 1305 787; x_wconf 85' lang='lat' dir='ltr'><strong>uerba</strong></span> <span class='ocrx_word' id='word_1_69' title='bbox 1316 729 1432 787; x_wconf 83' lang='lat' dir='ltr'><strong>Cbristi:</strong></span> <span class='ocrx_word' id='word_1_70' title='bbox 1447 730 1504 790; x_wconf 79' lang='lat' dir='ltr'><strong>Hoc</strong></span> <span class='ocrx_word' id='word_1_71' title='bbox 1516 741 1553 788; x_wconf 89' lang='grc' dir='ltr'><strong>ιιι</strong></span> <span class='ocrx_word' id='word_1_72' title='bbox 1561 748 1656 799; x_wconf 86' lang='lat' dir='ltr'><strong>eorpus</strong></span> <span class='ocrx_word' id='word_1_73' title='bbox 1666 749 1760 801; x_wconf 81' lang='lat' dir='ltr'><strong>mrum,</strong></span> <span class='ocrx_word' id='word_1_74' title='bbox 1775 734 1825 792; x_wconf 85' lang='lat' dir='ltr'><strong>sd-</strong></span> 
     </span>
     <span class='ocr_line' id='line_1_7' title="bbox 168 819 1825 898; baseline 0.001 -14"><span class='ocrx_word' id='word_1_75' title='bbox 168 827 215 884; x_wconf 92' lang='lat' dir='ltr'><strong>ubi</strong></span> <span class='ocrx_word' id='word_1_76' title='bbox 226 828 339 898; x_wconf 84' lang='lat' dir='ltr'><strong>legimus</strong></span> <span class='ocrx_word' id='word_1_77' title='bbox 351 843 359 880; x_wconf 81' lang='lat' dir='ltr'><strong>a</strong></span> <span class='ocrx_word' id='word_1_78' title='bbox 372 824 446 882; x_wconf 77' lang='lat' dir='ltr'><strong>Bessi</strong></span> <span class='ocrx_word' id='word_1_79' title='bbox 459 822 777 894; x_wconf 82' lang='lat' dir='ltr'><strong>misericordes,qnotrioor</strong></span> <span class='ocrx_word' id='word_1_80' title='bbox 790 821 854 893; x_wconf 85' lang='lat' dir='ltr'><strong>ipsis</strong></span> <span class='ocrx_word' id='word_1_81' title='bbox 864 819 970 875; x_wconf 81' lang='lat' dir='ltr'><strong>miure·</strong></span> <span class='ocrx_word' id='word_1_82' title='bbox 1020 819 1077 876; x_wconf 88' lang='lat' dir='ltr'><strong>dita</strong></span> <span class='ocrx_word' id='word_1_83' title='bbox 1089 830 1153 878; x_wconf 85' lang='lat' dir='ltr'><strong>snrtt</strong></span> <span class='ocrx_word' id='word_1_84' title='bbox 1166 821 1230 890; x_wconf 89' lang='lat' dir='ltr'><strong>isto,</strong></span> <span class='ocrx_word' id='word_1_85' title='bbox 1244 823 1314 895; x_wconf 83' lang='lat' dir='ltr'><strong>quod</strong></span> <span class='ocrx_word' id='word_1_86' title='bbox 1327 839 1376 895; x_wconf 87' lang='lat' dir='ltr'><strong>pro</strong></span> <span class='ocrx_word' id='word_1_87' title='bbox 1387 824 1458 880; x_wconf 85' lang='lat' dir='ltr'><strong>colis</strong></span> <span class='ocrx_word' id='word_1_88' title='bbox 1472 825 1599 881; x_wconf 78' lang='lat' dir='ltr'><strong>trudetur.</strong></span> <span class='ocrx_word' id='word_1_89' title='bbox 1611 823 1689 882; x_wconf 86' lang='lat' dir='ltr'><strong>Unde</strong></span> <span class='ocrx_word' id='word_1_90' title='bbox 1699 837 1825 898; x_wconf 84' lang='lat' dir='ltr'><strong>apparet,</strong></span> 
     </span>
     <span class='ocr_line' id='line_1_8' title="bbox 167 911 1825 988; baseline -0.001 -14"><span class='ocrx_word' id='word_1_91' title='bbox 167 918 236 974; x_wconf 83' lang='lat' dir='ltr'><strong>bitur</strong></span> <span class='ocrx_word' id='word_1_92' title='bbox 249 918 330 978; x_wconf 80' lang='lat' dir='ltr'><strong>Dese.</strong></span> <span class='ocrx_word' id='word_1_93' title='bbox 347 919 440 976; x_wconf 78' lang='lat' dir='ltr'><strong>Potest</strong></span> <span class='ocrx_word' id='word_1_94' title='bbox 453 921 527 976; x_wconf 89' lang='lat' dir='ltr'><strong>enim</strong></span> <span class='ocrx_word' id='word_1_95' title='bbox 547 918 608 988; x_wconf 89' lang='lat' dir='ltr'><strong>quis</strong></span> <span class='ocrx_word' id='word_1_96' title='bbox 618 915 741 988; x_wconf 71' lang='lat' dir='ltr'><strong>Vulgare</strong></span> <span class='ocrx_word' id='word_1_97' title='bbox 763 911 875 971; x_wconf 89' lang='lat' dir='ltr'><strong>lectioni</strong></span> <span class='ocrx_word' id='word_1_98' title='bbox 897 913 969 967; x_wconf 89' lang='lat' dir='ltr'><strong>buno</strong></span> <span class='ocrx_word' id='word_1_99' title='bbox 1020 912 1183 970; x_wconf 79' lang='lat' dir='ltr'><strong>minutiores</strong></span> <span class='ocrx_word' id='word_1_100' title='bbox 1204 913 1361 982; x_wconf 81' lang='lat' dir='ltr'><strong>Ecclesiae,</strong></span> <span class='ocrx_word' id='word_1_101' title='bbox 1383 931 1444 972; x_wconf 89' lang='lat' dir='ltr'><strong>cum</strong></span> <span class='ocrx_word' id='word_1_102' title='bbox 1464 931 1556 974; x_wconf 85' lang='lat' dir='ltr'><strong>serum</strong></span> <span class='ocrx_word' id='word_1_103' title='bbox 1572 914 1753 985; x_wconf 73' lang='lat' dir='ltr'><strong>diletionem,</strong></span> <span class='ocrx_word' id='word_1_104' title='bbox 1767 930 1825 979; x_wconf 82' lang='lat' dir='ltr'><strong>tent</strong></span> 
     </span>
     <span class='ocr_line' id='line_1_9' title="bbox 165 994 1828 1083; baseline -0.001 -14"><span class='ocrx_word' id='word_1_105' title='bbox 165 1013 486 1081; x_wconf 86' lang='lat' dir='ltr'><strong>tribucreintellcctum,</strong></span> <span class='ocrx_word' id='word_1_106' title='bbox 500 1012 588 1083; x_wconf 90' lang='lat' dir='ltr'><strong>utqui</strong></span> <span class='ocrx_word' id='word_1_107' title='bbox 608 1010 749 1066; x_wconf 83' lang='lat' dir='ltr'><strong>bornicum</strong></span> <span class='ocrx_word' id='word_1_108' title='bbox 770 994 969 1065; x_wconf 68' lang='lat' dir='ltr'><strong>sui&#39;similicm</strong></span> <span class='ocrx_word' id='word_1_109' title='bbox 1022 1005 1158 1075; x_wconf 74' lang='lat' dir='ltr'><strong>propriam</strong></span> <span class='ocrx_word' id='word_1_110' title='bbox 1178 1004 1281 1062; x_wconf 87' lang='lat' dir='ltr'><strong>Citristi</strong></span> <span class='ocrx_word' id='word_1_111' title='bbox 1301 1005 1473 1065; x_wconf 73' lang='grc' dir='ltr'>ιιιιιιιιιιιιιι</span> <span class='ocrx_word' id='word_1_112' title='bbox 1496 1007 1524 1064; x_wconf 92' lang='lat' dir='ltr'><strong>ln</strong></span> <span class='ocrx_word' id='word_1_113' title='bbox 1547 1019 1717 1067; x_wconf 85' lang='lat' dir='ltr'><strong>sacramento</strong></span> <span class='ocrx_word' id='word_1_114' title='bbox 1731 1009 1828 1068; x_wconf 89' lang='lat' dir='ltr'><strong>altaris</strong></span> 
     </span>
     <span class='ocr_line' id='line_1_10' title="bbox 168 1097 1267 1179; baseline -0.007 -15"><span class='ocrx_word' id='word_1_115' title='bbox 168 1108 293 1165; x_wconf 78' lang='lat' dir='ltr'><strong>labarum</strong></span> <span class='ocrx_word' id='word_1_116' title='bbox 318 1109 484 1176; x_wconf 86' lang='lat' dir='ltr'><strong>miseretur,</strong></span> <span class='ocrx_word' id='word_1_117' title='bbox 506 1105 566 1179; x_wconf 78' lang='lat' dir='ltr'><strong>elus</strong></span> <span class='ocrx_word' id='word_1_118' title='bbox 588 1116 699 1176; x_wconf 87' lang='lat' dir='ltr'><strong>quoque</strong></span> <span class='ocrx_word' id='word_1_119' title='bbox 721 1104 749 1159; x_wconf 92' lang='lat' dir='ltr'><strong>in</strong></span> <span class='ocrx_word' id='word_1_120' title='bbox 774 1101 915 1158; x_wconf 72' lang='lat' dir='ltr'><strong>laboribus</strong></span> <span class='ocrx_word' id='word_1_121' title='bbox 941 1106 970 1153; x_wconf 87' lang='lat' dir='ltr'><strong>et</strong></span> <span class='ocrx_word' id='word_1_122' title='bbox 1021 1097 1267 1170; x_wconf 83' lang='lat' dir='ltr'><strong>icisseprcieasss.</strong></span> 
     </span>
     <span class='ocr_line' id='line_1_11' title="bbox 169 1191 1825 1266; baseline -0.002 -8"><span class='ocrx_word' id='word_1_123' title='bbox 169 1199 299 1258; x_wconf 81' lang='lat' dir='ltr'><strong>aerumnis</strong></span> <span class='ocrx_word' id='word_1_124' title='bbox 329 1201 468 1258; x_wconf 86' lang='lat' dir='ltr'><strong>constituti</strong></span> <span class='ocrx_word' id='word_1_125' title='bbox 495 1199 678 1256; x_wconf 78' lang='lat' dir='ltr'><strong>miameanttrr</strong></span> <span class='ocrx_word' id='word_1_126' title='bbox 707 1195 801 1253; x_wconf 79' lang='lat' dir='ltr'><strong>ceteri</strong></span> <span class='ocrx_word' id='word_1_127' title='bbox 832 1191 969 1251; x_wconf 66' lang='lat' dir='ltr'><strong>namins.</strong></span> <span class='ocrx_word' id='word_1_128' title='bbox 1057 1193 1090 1249; x_wconf 91' lang='lat' dir='ltr'><strong>ll.</strong></span> <span class='ocrx_word' id='word_1_129' title='bbox 1105 1192 1301 1265; x_wconf 81' lang='lat' dir='ltr'><strong>Arniquitatotn</strong></span> <span class='ocrx_word' id='word_1_130' title='bbox 1315 1201 1429 1253; x_wconf 84' lang='lat' dir='ltr'><strong>nuncet</strong></span> <span class='ocrx_word' id='word_1_131' title='bbox 1442 1195 1624 1266; x_wconf 80' lang='lat' dir='ltr'><strong>prestorrtiam</strong></span> <span class='ocrx_word' id='word_1_132' title='bbox 1636 1195 1760 1255; x_wconf 90' lang='lat' dir='ltr'><strong>codicum</strong></span> <span class='ocrx_word' id='word_1_133' title='bbox 1773 1213 1825 1256; x_wconf 90' lang='lat' dir='ltr'><strong>co·</strong></span> 
     </span>
     <span class='ocr_line' id='line_1_12' title="bbox 169 1283 1829 1367; baseline -0.002 -14"><span class='ocrx_word' id='word_1_134' title='bbox 169 1295 305 1353; x_wconf 57' lang='lat' dir='ltr'><strong>&amp;dalius</strong></span> <span class='ocrx_word' id='word_1_135' title='bbox 318 1296 454 1367; x_wconf 85' lang='lat' dir='ltr'><strong>interpres</strong></span> <span class='ocrx_word' id='word_1_136' title='bbox 469 1294 551 1350; x_wconf 88' lang='lat' dir='ltr'><strong>docet</strong></span> <span class='ocrx_word' id='word_1_137' title='bbox 564 1291 769 1349; x_wconf 85' lang='lat' dir='ltr'><strong>misericordem</strong></span> <span class='ocrx_word' id='word_1_138' title='bbox 783 1301 920 1361; x_wconf 82' lang='lat' dir='ltr'><strong>qutetnque</strong></span> <span class='ocrx_word' id='word_1_139' title='bbox 940 1283 969 1341; x_wconf 92' lang='lat' dir='ltr'><strong>id</strong></span> <span class='ocrx_word' id='word_1_140' title='bbox 1022 1294 1142 1344; x_wconf 82' lang='lat' dir='ltr'><strong>atrorum</strong></span> <span class='ocrx_word' id='word_1_141' title='bbox 1167 1287 1413 1359; x_wconf 75' lang='lat' dir='ltr'><strong>Martuscriptorum</strong></span> <span class='ocrx_word' id='word_1_142' title='bbox 1440 1288 1515 1346; x_wconf 84' lang='lat' dir='ltr'><strong>breui</strong></span> <span class='ocrx_word' id='word_1_143' title='bbox 1541 1304 1669 1348; x_wconf 82' lang='lat' dir='ltr'><strong>sermono</strong></span> <span class='ocrx_word' id='word_1_144' title='bbox 1694 1292 1829 1364; x_wconf 76' lang='lat' dir='ltr'><strong>perstrin-</strong></span> 
     </span>
     <span class='ocr_line' id='line_1_13' title="bbox 170 1379 1829 1458; baseline -0.004 -12"><span class='ocrx_word' id='word_1_145' title='bbox 170 1402 204 1446; x_wconf 83' lang='lat' dir='ltr'><strong>et</strong></span> <span class='ocrx_word' id='word_1_146' title='bbox 218 1402 267 1443; x_wconf 86' lang='lat' dir='ltr'><strong>utta</strong></span> <span class='ocrx_word' id='word_1_147' title='bbox 281 1387 469 1444; x_wconf 66' lang='lat' dir='ltr'><strong>misericordia</strong></span> <span class='ocrx_word' id='word_1_148' title='bbox 482 1395 628 1458; x_wconf 76' lang='lat' dir='ltr'><strong>eapeearc</strong></span> <span class='ocrx_word' id='word_1_149' title='bbox 637 1398 736 1456; x_wconf 87' lang='lat' dir='ltr'><strong>posse,</strong></span> <span class='ocrx_word' id='word_1_150' title='bbox 752 1381 824 1454; x_wconf 82' lang='lat' dir='ltr'><strong>qued</strong></span> <span class='ocrx_word' id='word_1_151' title='bbox 839 1380 899 1452; x_wconf 83' lang='lat' dir='ltr'><strong>ejus</strong></span> <span class='ocrx_word' id='word_1_152' title='bbox 910 1379 971 1435; x_wconf 89' lang='lat' dir='ltr'><strong>sice</strong></span> <span class='ocrx_word' id='word_1_153' title='bbox 1023 1394 1100 1451; x_wconf 89' lang='lat' dir='ltr'><strong>gam;</strong></span> <span class='ocrx_word' id='word_1_154' title='bbox 1115 1394 1159 1435; x_wconf 91' lang='lat' dir='ltr'><strong>res</strong></span> <span class='ocrx_word' id='word_1_155' title='bbox 1172 1395 1290 1451; x_wconf 88' lang='lat' dir='ltr'><strong>namque</strong></span> <span class='ocrx_word' id='word_1_156' title='bbox 1301 1381 1395 1438; x_wconf 81' lang='lat' dir='ltr'><strong>isuraec</strong></span> <span class='ocrx_word' id='word_1_157' title='bbox 1404 1381 1494 1453; x_wconf 81' lang='lat' dir='ltr'><strong>potitus</strong></span> <span class='ocrx_word' id='word_1_158' title='bbox 1508 1381 1595 1439; x_wconf 91' lang='lat' dir='ltr'><strong>ccnlis</strong></span> <span class='ocrx_word' id='word_1_159' title='bbox 1606 1384 1732 1452; x_wconf 83' lang='lat' dir='ltr'><strong>testibus,</strong></span> <span class='ocrx_word' id='word_1_160' title='bbox 1745 1400 1829 1455; x_wconf 87' lang='lat' dir='ltr'><strong>qnam</strong></span> 
     </span>
     <span class='ocr_line' id='line_1_14' title="bbox 168 1472 1830 1544; baseline -0.001 -8"><span class='ocrx_word' id='word_1_161' title='bbox 168 1479 252 1536; x_wconf 87' lang='lat' dir='ltr'><strong>dtrbio</strong></span> <span class='ocrx_word' id='word_1_162' title='bbox 268 1480 341 1536; x_wconf 83' lang='lat' dir='ltr'><strong>bens</strong></span> <span class='ocrx_word' id='word_1_163' title='bbox 356 1479 465 1536; x_wconf 83' lang='lat' dir='ltr'><strong>taudem</strong></span> <span class='ocrx_word' id='word_1_164' title='bbox 482 1478 667 1535; x_wconf 70' lang='lat' dir='ltr'><strong>miserebitur.</strong></span> <span class='ocrx_word' id='word_1_165' title='bbox 682 1474 768 1534; x_wconf 83' lang='lat' dir='ltr'><strong>obvia</strong></span> <span class='ocrx_word' id='word_1_166' title='bbox 783 1483 848 1531; x_wconf 79' lang='lat' dir='ltr'><strong>mut</strong></span> <span class='ocrx_word' id='word_1_167' title='bbox 873 1473 971 1543; x_wconf 84' lang='lat' dir='ltr'><strong>cuique</strong></span> <span class='ocrx_word' id='word_1_168' title='bbox 1024 1473 1190 1543; x_wconf 74' lang='lat' dir='ltr'><strong>argumentis</strong></span> <span class='ocrx_word' id='word_1_169' title='bbox 1216 1472 1365 1544; x_wconf 75' lang='lat' dir='ltr'><strong>percipitur</strong></span> <span class='ocrx_word' id='word_1_170' title='bbox 1378 1488 1413 1531; x_wconf 90' lang='lat' dir='ltr'><strong>ac</strong></span> <span class='ocrx_word' id='word_1_171' title='bbox 1433 1473 1646 1532; x_wconf 85' lang='lat' dir='ltr'><strong>demonstratur.</strong></span> <span class='ocrx_word' id='word_1_172' title='bbox 1668 1474 1703 1533; x_wconf 83' lang='lat' dir='ltr'><strong>Et</strong></span> <span class='ocrx_word' id='word_1_173' title='bbox 1725 1477 1830 1534; x_wconf 87' lang='lat' dir='ltr'><strong>utinam</strong></span> 
     </span>
     <span class='ocr_line' id='line_1_15' title="bbox 170 1564 1830 1643; baseline -0.004 -13"><span class='ocrx_word' id='word_1_174' title='bbox 170 1573 314 1641; x_wconf 85' lang='lat' dir='ltr'><strong>innostra,</strong></span> <span class='ocrx_word' id='word_1_175' title='bbox 329 1571 450 1630; x_wconf 83' lang='lat' dir='ltr'><strong>lluttbaci</strong></span> <span class='ocrx_word' id='word_1_176' title='bbox 463 1574 575 1643; x_wconf 88' lang='lat' dir='ltr'><strong>antiqua</strong></span> <span class='ocrx_word' id='word_1_177' title='bbox 588 1571 702 1642; x_wconf 78' lang='lat' dir='ltr'><strong>Vulgata</strong></span> <span class='ocrx_word' id='word_1_178' title='bbox 714 1570 845 1627; x_wconf 82' lang='lat' dir='ltr'><strong>similium</strong></span> <span class='ocrx_word' id='word_1_179' title='bbox 863 1566 972 1624; x_wconf 74' lang='lat' dir='ltr'><strong>rudan-</strong></span> <span class='ocrx_word' id='word_1_180' title='bbox 1024 1576 1090 1637; x_wconf 92' lang='lat' dir='ltr'><strong>quot</strong></span> <span class='ocrx_word' id='word_1_181' title='bbox 1103 1573 1168 1620; x_wconf 83' lang='lat' dir='ltr'><strong>scant</strong></span> <span class='ocrx_word' id='word_1_182' title='bbox 1182 1565 1209 1622; x_wconf 94' lang='lat' dir='ltr'><strong>ln</strong></span> <span class='ocrx_word' id='word_1_183' title='bbox 1225 1565 1291 1620; x_wconf 88' lang='lat' dir='ltr'><strong>orbe</strong></span> <span class='ocrx_word' id='word_1_184' title='bbox 1304 1564 1455 1622; x_wconf 83' lang='lat' dir='ltr'><strong>christiano</strong></span> <span class='ocrx_word' id='word_1_185' title='bbox 1476 1566 1549 1624; x_wconf 84' lang='lat' dir='ltr'><strong>docti</strong></span> <span class='ocrx_word' id='word_1_186' title='bbox 1563 1569 1722 1639; x_wconf 78' lang='lat' dir='ltr'><strong>expertique</strong></span> <span class='ocrx_word' id='word_1_187' title='bbox 1740 1568 1830 1624; x_wconf 87' lang='lat' dir='ltr'><strong>bumi-</strong></span> 
     </span>
     <span class='ocr_line' id='line_1_16' title="bbox 172 1658 1829 1738; baseline -0.004 -14"><span class='ocrx_word' id='word_1_188' title='bbox 172 1668 239 1725; x_wconf 83' lang='lat' dir='ltr'><strong>tlrnu</strong></span> <span class='ocrx_word' id='word_1_189' title='bbox 257 1666 404 1724; x_wconf 89' lang='lat' dir='ltr'><strong>lectionum</strong></span> <span class='ocrx_word' id='word_1_190' title='bbox 419 1667 544 1738; x_wconf 80' lang='lat' dir='ltr'><strong>exempla</strong></span> <span class='ocrx_word' id='word_1_191' title='bbox 562 1666 732 1722; x_wconf 87' lang='lat' dir='ltr'><strong>innumera:</strong></span> <span class='ocrx_word' id='word_1_192' title='bbox 756 1677 842 1736; x_wconf 85' lang='lat' dir='ltr'><strong>quare</strong></span> <span class='ocrx_word' id='word_1_193' title='bbox 865 1660 972 1718; x_wconf 87' lang='lat' dir='ltr'><strong>uallum</strong></span> <span class='ocrx_word' id='word_1_194' title='bbox 1025 1672 1090 1724; x_wconf 89' lang='lat' dir='ltr'><strong>ces,</strong></span> <span class='ocrx_word' id='word_1_195' title='bbox 1108 1668 1146 1712; x_wconf 86' lang='lat' dir='ltr'><strong>tot</strong></span> <span class='ocrx_word' id='word_1_196' title='bbox 1160 1665 1252 1713; x_wconf 87' lang='lat' dir='ltr'><strong>essent</strong></span> <span class='ocrx_word' id='word_1_197' title='bbox 1267 1658 1435 1729; x_wconf 89' lang='lat' dir='ltr'><strong>inspectores</strong></span> <span class='ocrx_word' id='word_1_198' title='bbox 1447 1659 1644 1731; x_wconf 73' lang='lat' dir='ltr'><strong>exemplarium</strong></span> <span class='ocrx_word' id='word_1_199' title='bbox 1658 1672 1829 1718; x_wconf 88' lang='lat' dir='ltr'><strong>nostrorum.</strong></span> 
     </span>
     <span class='ocr_line' id='line_1_17' title="bbox 173 1750 1831 1829; baseline -0.003 -14"><span class='ocrx_word' id='word_1_200' title='bbox 173 1758 246 1816; x_wconf 89' lang='lat' dir='ltr'><strong>aliud</strong></span> <span class='ocrx_word' id='word_1_201' title='bbox 260 1759 493 1829; x_wconf 73' lang='lat' dir='ltr'><strong>inpresentiarum</strong></span> <span class='ocrx_word' id='word_1_202' title='bbox 505 1758 674 1828; x_wconf 73' lang='lat' dir='ltr'><strong>adiiciamus.</strong></span> <span class='ocrx_word' id='word_1_203' title='bbox 988 1750 1128 1822; x_wconf 70' lang='lat' dir='ltr'><strong>nielles.</strong></span> <span class='ocrx_word' id='word_1_204' title='bbox 1149 1752 1202 1810; x_wconf 86' lang='lat' dir='ltr'><strong>nisi</strong></span> <span class='ocrx_word' id='word_1_205' title='bbox 1223 1751 1324 1823; x_wconf 90' lang='lat' dir='ltr'><strong>ubique</strong></span> <span class='ocrx_word' id='word_1_206' title='bbox 1337 1751 1460 1823; x_wconf 86' lang='lat' dir='ltr'><strong>gentium</strong></span> <span class='ocrx_word' id='word_1_207' title='bbox 1475 1763 1559 1811; x_wconf 88' lang='lat' dir='ltr'><strong>testes</strong></span> <span class='ocrx_word' id='word_1_208' title='bbox 1577 1754 1739 1811; x_wconf 88' lang='lat' dir='ltr'><strong>accederent</strong></span> <span class='ocrx_word' id='word_1_209' title='bbox 1759 1757 1831 1811; x_wconf 89' lang='lat' dir='ltr'><strong>unti-</strong></span> 
     </span>
     <span class='ocr_line' id='line_1_18' title="bbox 180 1844 1831 1922; baseline 0 -16"><span class='ocrx_word' id='word_1_210' title='bbox 180 1876 184 1890; x_wconf 73' lang='lat'>«</span> <span class='ocrx_word' id='word_1_211' title='bbox 208 1850 323 1915; x_wconf 85' lang='lat' dir='ltr'><strong>lloltnm</strong></span> <span class='ocrx_word' id='word_1_212' title='bbox 335 1852 418 1906; x_wconf 87' lang='lat' dir='ltr'><strong>etiam</strong></span> <span class='ocrx_word' id='word_1_213' title='bbox 430 1851 507 1922; x_wconf 77' lang='lat' dir='ltr'><strong>iurat</strong></span> <span class='ocrx_word' id='word_1_214' title='bbox 524 1851 609 1907; x_wconf 87' lang='lat' dir='ltr'><strong>editio</strong></span> <span class='ocrx_word' id='word_1_215' title='bbox 629 1851 720 1906; x_wconf 82' lang='lat' dir='ltr'><strong>nestra</strong></span> <span class='ocrx_word' id='word_1_216' title='bbox 739 1848 772 1905; x_wconf 88' lang='lat' dir='ltr'><strong>ad</strong></span> <span class='ocrx_word' id='word_1_217' title='bbox 787 1845 974 1905; x_wconf 86' lang='lat' dir='ltr'><strong>coniirmunda</strong></span> <span class='ocrx_word' id='word_1_218' title='bbox 1025 1844 1154 1916; x_wconf 87' lang='lat' dir='ltr'><strong>quitatis,</strong></span> <span class='ocrx_word' id='word_1_219' title='bbox 1168 1860 1250 1914; x_wconf 86' lang='lat' dir='ltr'><strong>qrram</strong></span> <span class='ocrx_word' id='word_1_220' title='bbox 1272 1859 1328 1916; x_wconf 83' lang='lat' dir='ltr'><strong>pre</strong></span> <span class='ocrx_word' id='word_1_221' title='bbox 1342 1858 1373 1902; x_wconf 84' lang='lat' dir='ltr'><strong>se</strong></span> <span class='ocrx_word' id='word_1_222' title='bbox 1395 1845 1487 1903; x_wconf 86' lang='lat' dir='ltr'><strong>ierunt</strong></span> <span class='ocrx_word' id='word_1_223' title='bbox 1499 1847 1619 1917; x_wconf 78' lang='lat' dir='ltr'><strong>predicti</strong></span> <span class='ocrx_word' id='word_1_224' title='bbox 1639 1848 1831 1907; x_wconf 75' lang='lat' dir='ltr'><strong>concaedes</strong></span> 
     </span>
     <span class='ocr_line' id='line_1_19' title="bbox 172 1939 1831 2017; baseline 0.001 -18"><span class='ocrx_word' id='word_1_225' title='bbox 172 1943 285 1999; x_wconf 84' lang='lat' dir='ltr'><strong>recitata</strong></span> <span class='ocrx_word' id='word_1_226' title='bbox 300 1958 326 2000; x_wconf 92' lang='lat' dir='ltr'><strong>a.</strong></span> <span class='ocrx_word' id='word_1_227' title='bbox 342 1943 392 2000; x_wconf 82' lang='lat' dir='ltr'><strong>SS.</strong></span> <span class='ocrx_word' id='word_1_228' title='bbox 410 1943 533 2017; x_wconf 83' lang='lat' dir='ltr'><strong>Patribus</strong></span> <span class='ocrx_word' id='word_1_229' title='bbox 552 1943 702 2014; x_wconf 77' lang='lat' dir='ltr'><strong>ecrtpsrrn</strong></span> <span class='ocrx_word' id='word_1_230' title='bbox 719 1941 895 2010; x_wconf 87' lang='lat' dir='ltr'><strong>testimonia,</strong></span> <span class='ocrx_word' id='word_1_231' title='bbox 914 1953 975 2011; x_wconf 82' lang='lat' dir='ltr'><strong>quar</strong></span> <span class='ocrx_word' id='word_1_232' title='bbox 1025 1939 1211 2011; x_wconf 80' lang='lat' dir='ltr'><strong>mtremrqnis</strong></span> <span class='ocrx_word' id='word_1_233' title='bbox 1222 1953 1311 1998; x_wconf 83' lang='lat' dir='ltr'><strong>mecm</strong></span> <span class='ocrx_word' id='word_1_234' title='bbox 1325 1940 1532 2010; x_wconf 82' lang='lat' dir='ltr'><strong>contemnam,</strong></span> <span class='ocrx_word' id='word_1_235' title='bbox 1545 1941 1607 2010; x_wconf 89' lang='lat' dir='ltr'><strong>quia</strong></span> <span class='ocrx_word' id='word_1_236' title='bbox 1618 1958 1653 2000; x_wconf 85' lang='lat' dir='ltr'><strong>er</strong></span> <span class='ocrx_word' id='word_1_237' title='bbox 1666 1943 1831 2013; x_wconf 70' lang='lat' dir='ltr'><strong>prejudiciis</strong></span> 
     </span>
     <span class='ocr_line' id='line_1_20' title="bbox 121 2031 1831 2109; baseline -0.001 -16"><span class='ocrx_word' id='word_1_238' title='bbox 121 2058 123 2061; x_wconf 92' lang='lat'>·</span> <span class='ocrx_word' id='word_1_239' title='bbox 173 2036 274 2109; x_wconf 76' lang='lat' dir='ltr'><strong>sepius</strong></span> <span class='ocrx_word' id='word_1_240' title='bbox 284 2038 380 2092; x_wconf 85' lang='lat' dir='ltr'><strong>vitiosa</strong></span> <span class='ocrx_word' id='word_1_241' title='bbox 393 2037 477 2095; x_wconf 87' lang='lat' dir='ltr'><strong>inisse</strong></span> <span class='ocrx_word' id='word_1_242' title='bbox 490 2037 682 2095; x_wconf 87' lang='lat' dir='ltr'><strong>nonnullorum</strong></span> <span class='ocrx_word' id='word_1_243' title='bbox 693 2037 850 2093; x_wconf 90' lang='lat' dir='ltr'><strong>criticorum</strong></span> <span class='ocrx_word' id='word_1_244' title='bbox 865 2048 975 2104; x_wconf 84' lang='lat' dir='ltr'><strong>peruer-</strong></span> <span class='ocrx_word' id='word_1_245' title='bbox 1027 2031 1148 2089; x_wconf 80' lang='lat' dir='ltr'><strong>sirorcm</strong></span> <span class='ocrx_word' id='word_1_246' title='bbox 1169 2032 1311 2091; x_wconf 76' lang='lat' dir='ltr'><strong>emersa</strong></span> <span class='ocrx_word' id='word_1_247' title='bbox 1331 2042 1423 2091; x_wconf 87' lang='lat' dir='ltr'><strong>ortum</strong></span> <span class='ocrx_word' id='word_1_248' title='bbox 1438 2034 1465 2089; x_wconf 95' lang='lat' dir='ltr'><strong>in</strong></span> <span class='ocrx_word' id='word_1_249' title='bbox 1486 2049 1531 2093; x_wconf 88' lang='lat' dir='ltr'><strong>me</strong></span> <span class='ocrx_word' id='word_1_250' title='bbox 1541 2034 1647 2092; x_wconf 85' lang='lat' dir='ltr'><strong>babuit.</strong></span> <span class='ocrx_word' id='word_1_251' title='bbox 1665 2035 1771 2102; x_wconf 85' lang='lat' dir='ltr'><strong>Unum,</strong></span> <span class='ocrx_word' id='word_1_252' title='bbox 1787 2036 1831 2093; x_wconf 84' lang='lat' dir='ltr'><strong>uel</strong></span> 
     </span>
     <span class='ocr_line' id='line_1_21' title="bbox 174 2125 1832 2200; baseline -0.001 -15"><span class='ocrx_word' id='word_1_253' title='bbox 174 2144 203 2186; x_wconf 89' lang='lat' dir='ltr'><strong>sa</strong></span> <span class='ocrx_word' id='word_1_254' title='bbox 214 2131 315 2186; x_wconf 89' lang='lat' dir='ltr'><strong>asserit</strong></span> <span class='ocrx_word' id='word_1_255' title='bbox 327 2132 479 2188; x_wconf 78' lang='lat' dir='ltr'><strong>constantio.</strong></span> <span class='ocrx_word' id='word_1_256' title='bbox 496 2130 577 2188; x_wconf 86' lang='lat' dir='ltr'><strong>Tales</strong></span> <span class='ocrx_word' id='word_1_257' title='bbox 590 2131 682 2187; x_wconf 82' lang='lat' dir='ltr'><strong>audiri</strong></span> <span class='ocrx_word' id='word_1_258' title='bbox 703 2130 835 2196; x_wconf 85' lang='lat' dir='ltr'><strong>dicentes,</strong></span> <span class='ocrx_word' id='word_1_259' title='bbox 852 2128 973 2183; x_wconf 90' lang='lat' dir='ltr'><strong>incnric·</strong></span> <span class='ocrx_word' id='word_1_260' title='bbox 1026 2127 1095 2185; x_wconf 85' lang='lat' dir='ltr'><strong>riuos</strong></span> <span class='ocrx_word' id='word_1_261' title='bbox 1109 2126 1220 2198; x_wconf 87' lang='lat' dir='ltr'><strong>prcierc</strong></span> <span class='ocrx_word' id='word_1_262' title='bbox 1238 2134 1324 2185; x_wconf 81' lang='lat' dir='ltr'><strong>testes</strong></span> <span class='ocrx_word' id='word_1_263' title='bbox 1336 2125 1370 2184; x_wconf 73' lang='lat' dir='ltr'><strong>i.</strong></span> <span class='ocrx_word' id='word_1_264' title='bbox 1385 2125 1417 2184; x_wconf 83' lang='lat' dir='ltr'><strong>C.</strong></span> <span class='ocrx_word' id='word_1_265' title='bbox 1437 2125 1471 2185; x_wconf 77' lang='lat'><strong>1⁴¹·</strong></span> <span class='ocrx_word' id='word_1_266' title='bbox 1488 2127 1646 2194; x_wconf 86' lang='lat' dir='ltr'><strong>llesmtres.</strong></span> <span class='ocrx_word' id='word_1_267' title='bbox 1668 2137 1698 2186; x_wconf 87' lang='lat' dir='ltr'><strong>el</strong></span> <span class='ocrx_word' id='word_1_268' title='bbox 1714 2128 1832 2200; x_wconf 79' lang='lat' dir='ltr'><strong>Stepha-</strong></span> 
     </span>
     <span class='ocr_line' id='line_1_22' title="bbox 173 2216 1832 2296; baseline 0.002 -18"><span class='ocrx_word' id='word_1_269' title='bbox 173 2223 220 2278; x_wconf 84' lang='lat' dir='ltr'><strong>s&#39;es</strong></span> <span class='ocrx_word' id='word_1_270' title='bbox 233 2235 294 2279; x_wconf 89' lang='lat' dir='ltr'><strong>csse</strong></span> <span class='ocrx_word' id='word_1_271' title='bbox 310 2224 414 2296; x_wconf 76' lang='lat' dir='ltr'><strong>priseos</strong></span> <span class='ocrx_word' id='word_1_272' title='bbox 428 2221 554 2280; x_wconf 87' lang='lat' dir='ltr'><strong>doctores</strong></span> <span class='ocrx_word' id='word_1_273' title='bbox 571 2220 792 2290; x_wconf 84' lang='lat' dir='ltr'><strong>ecclesiastices,</strong></span> <span class='ocrx_word' id='word_1_274' title='bbox 815 2224 909 2291; x_wconf 86' lang='lat' dir='ltr'><strong>utpote</strong></span> <span class='ocrx_word' id='word_1_275' title='bbox 928 2216 975 2291; x_wconf 92' lang='lat' dir='ltr'><strong>qui</strong></span> <span class='ocrx_word' id='word_1_276' title='bbox 1027 2237 1091 2277; x_wconf 85' lang='lat' dir='ltr'><strong>nunt</strong></span> <span class='ocrx_word' id='word_1_277' title='bbox 1111 2219 1246 2290; x_wconf 85' lang='lat' dir='ltr'><strong>imprimis</strong></span> <span class='ocrx_word' id='word_1_278' title='bbox 1264 2218 1511 2290; x_wconf 58' lang='lat' dir='ltr'><strong>uelocissimum</strong></span> <span class='ocrx_word' id='word_1_279' title='bbox 1530 2220 1651 2276; x_wconf 84' lang='lat' dir='ltr'><strong>consiliis</strong></span> <span class='ocrx_word' id='word_1_280' title='bbox 1669 2231 1699 2279; x_wconf 92' lang='lat' dir='ltr'><strong>et</strong></span> <span class='ocrx_word' id='word_1_281' title='bbox 1712 2222 1832 2281; x_wconf 88' lang='lat' dir='ltr'><strong>amicitia</strong></span> 
     </span>
     <span class='ocr_line' id='line_1_23' title="bbox 174 2308 1833 2388; baseline 0 -16"><span class='ocrx_word' id='word_1_282' title='bbox 174 2315 332 2373; x_wconf 80' lang='lat' dir='ltr'><strong>memoriter</strong></span> <span class='ocrx_word' id='word_1_283' title='bbox 347 2315 552 2388; x_wconf 79' lang='lat' dir='ltr'><strong>scripturarum</strong></span> <span class='ocrx_word' id='word_1_284' title='bbox 567 2316 649 2374; x_wconf 83' lang='lat' dir='ltr'><strong>icrbo</strong></span> <span class='ocrx_word' id='word_1_285' title='bbox 664 2318 826 2384; x_wconf 81' lang='lat' dir='ltr'><strong>recitantes,</strong></span> <span class='ocrx_word' id='word_1_286' title='bbox 843 2308 974 2370; x_wconf 85' lang='lat' dir='ltr'><strong>ennead·</strong></span> <span class='ocrx_word' id='word_1_287' title='bbox 1027 2323 1103 2370; x_wconf 83' lang='lat' dir='ltr'><strong>mato</strong></span> <span class='ocrx_word' id='word_1_288' title='bbox 1126 2313 1231 2371; x_wconf 84' lang='lat' dir='ltr'><strong>icttctns</strong></span> <span class='ocrx_word' id='word_1_289' title='bbox 1255 2321 1328 2378; x_wconf 82' lang='lat' dir='ltr'><strong>utor,</strong></span> <span class='ocrx_word' id='word_1_290' title='bbox 1350 2323 1453 2384; x_wconf 85' lang='lat' dir='ltr'><strong>quanto</strong></span> <span class='ocrx_word' id='word_1_291' title='bbox 1477 2313 1613 2371; x_wconf 87' lang='lat' dir='ltr'><strong>sincerum</strong></span> <span class='ocrx_word' id='word_1_292' title='bbox 1638 2316 1725 2386; x_wconf 87' lang='lat' dir='ltr'><strong>magis</strong></span> <span class='ocrx_word' id='word_1_293' title='bbox 1746 2316 1773 2371; x_wconf 91' lang='lat' dir='ltr'><strong>in</strong></span> <span class='ocrx_word' id='word_1_294' title='bbox 1798 2329 1833 2372; x_wconf 90' lang='lat' dir='ltr'><strong>eo</strong></span> 
     </span>
     <span class='ocr_line' id='line_1_24' title="bbox 172 2403 1832 2479; baseline -0.002 -15"><span class='ocrx_word' id='word_1_295' title='bbox 172 2407 249 2474; x_wconf 87' lang='lat' dir='ltr'><strong>dant,</strong></span> <span class='ocrx_word' id='word_1_296' title='bbox 262 2410 480 2474; x_wconf 79' lang='lat' dir='ltr'><strong>nuncauicrunt,</strong></span> <span class='ocrx_word' id='word_1_297' title='bbox 495 2423 569 2466; x_wconf 90' lang='lat' dir='ltr'><strong>nunc</strong></span> <span class='ocrx_word' id='word_1_298' title='bbox 581 2409 704 2465; x_wconf 83' lang='lat' dir='ltr'><strong>ordinem</strong></span> <span class='ocrx_word' id='word_1_299' title='bbox 720 2416 877 2479; x_wconf 85' lang='lat' dir='ltr'><strong>perversum</strong></span> <span class='ocrx_word' id='word_1_300' title='bbox 897 2403 976 2461; x_wconf 85' lang='lat' dir='ltr'><strong>lueis</strong></span> <span class='ocrx_word' id='word_1_301' title='bbox 1025 2418 1120 2478; x_wconf 80' lang='lat' dir='ltr'><strong>pectm</strong></span> <span class='ocrx_word' id='word_1_302' title='bbox 1143 2420 1252 2474; x_wconf 88' lang='lat' dir='ltr'><strong>sctrrper</strong></span> <span class='ocrx_word' id='word_1_303' title='bbox 1266 2414 1395 2476; x_wconf 76' lang='lat' dir='ltr'><strong>expertus</strong></span> <span class='ocrx_word' id='word_1_304' title='bbox 1418 2419 1494 2470; x_wconf 90' lang='lat' dir='ltr'><strong>sum,</strong></span> <span class='ocrx_word' id='word_1_305' title='bbox 1509 2405 1639 2476; x_wconf 76' lang='lat' dir='ltr'><strong>errantique</strong></span> <span class='ocrx_word' id='word_1_306' title='bbox 1659 2414 1782 2474; x_wconf 86' lang='lat' dir='ltr'><strong>tempere</strong></span> <span class='ocrx_word' id='word_1_307' title='bbox 1802 2406 1832 2460; x_wconf 91' lang='lat' dir='ltr'><strong>in</strong></span> 
     </span>
     <span class='ocr_line' id='line_1_25' title="bbox 172 2495 1833 2572; baseline 0.001 -18"><span class='ocrx_word' id='word_1_308' title='bbox 172 2509 334 2571; x_wconf 64' lang='lat' dir='ltr'><strong>mrrantnr.</strong></span> <span class='ocrx_word' id='word_1_309' title='bbox 354 2501 437 2570; x_wconf 81' lang='lat' dir='ltr'><strong>Quasi</strong></span> <span class='ocrx_word' id='word_1_310' title='bbox 463 2501 531 2558; x_wconf 88' lang='lat' dir='ltr'><strong>nibil</strong></span> <span class='ocrx_word' id='word_1_311' title='bbox 553 2503 674 2572; x_wconf 87' lang='lat' dir='ltr'><strong>ipserum</strong></span> <span class='ocrx_word' id='word_1_312' title='bbox 707 2503 853 2557; x_wconf 82' lang='lat' dir='ltr'><strong>interesset</strong></span> <span class='ocrx_word' id='word_1_313' title='bbox 877 2499 976 2570; x_wconf 88' lang='lat' dir='ltr'><strong>quibns</strong></span> <span class='ocrx_word' id='word_1_314' title='bbox 1025 2498 1130 2554; x_wconf 83' lang='lat' dir='ltr'><strong>etnicos</strong></span> <span class='ocrx_word' id='word_1_315' title='bbox 1150 2495 1435 2567; x_wconf 76' lang='lat' dir='ltr'><strong>promptissimumls</strong></span> <span class='ocrx_word' id='word_1_316' title='bbox 1457 2511 1523 2567; x_wconf 87' lang='lat' dir='ltr'><strong>ergo</strong></span> <span class='ocrx_word' id='word_1_317' title='bbox 1544 2510 1594 2552; x_wconf 86' lang='lat' dir='ltr'><strong>usu</strong></span> <span class='ocrx_word' id='word_1_318' title='bbox 1618 2505 1647 2553; x_wconf 89' lang='lat' dir='ltr'><strong>et</strong></span> <span class='ocrx_word' id='word_1_319' title='bbox 1660 2497 1833 2556; x_wconf 84' lang='lat' dir='ltr'><strong>uolutatione</strong></span> 
     </span>
     <span class='ocr_line' id='line_1_26' title="bbox 174 2591 1832 2666; baseline -0.001 -15"><span class='ocrx_word' id='word_1_320' title='bbox 174 2595 266 2652; x_wconf 82' lang='lat' dir='ltr'><strong>verbis</strong></span> <span class='ocrx_word' id='word_1_321' title='bbox 279 2594 587 2665; x_wconf 84' lang='lat' dir='ltr'><strong>prolerrentcrcrrenia</strong></span> <span class='ocrx_word' id='word_1_322' title='bbox 602 2594 715 2660; x_wconf 75' lang='lat' dir='ltr'><strong>(insisti,</strong></span> <span class='ocrx_word' id='word_1_323' title='bbox 726 2603 754 2651; x_wconf 91' lang='lat' dir='ltr'><strong>et</strong></span> <span class='ocrx_word' id='word_1_324' title='bbox 767 2593 974 2666; x_wconf 83' lang='lat' dir='ltr'><strong>propinatarum,</strong></span> <span class='ocrx_word' id='word_1_325' title='bbox 1027 2591 1265 2648; x_wconf 86' lang='lat' dir='ltr'><strong>innumerabilium</strong></span> <span class='ocrx_word' id='word_1_326' title='bbox 1280 2606 1348 2649; x_wconf 80' lang='lat' dir='ltr'><strong>mss.</strong></span> <span class='ocrx_word' id='word_1_327' title='bbox 1361 2591 1485 2648; x_wconf 83' lang='lat' dir='ltr'><strong>codicum</strong></span> <span class='ocrx_word' id='word_1_328' title='bbox 1499 2591 1719 2662; x_wconf 75' lang='lat' dir='ltr'><strong>locupletissime¹</strong></span> <span class='ocrx_word' id='word_1_329' title='bbox 1730 2592 1832 2650; x_wconf 91' lang='lat' dir='ltr'><strong>biblio·</strong></span> 
     </span>
     <span class='ocr_line' id='line_1_27' title="bbox 173 2680 1831 2758; baseline -0.002 -14"><span class='ocrx_word' id='word_1_330' title='bbox 173 2686 360 2744; x_wconf 84' lang='lat' dir='ltr'><strong>mederensni</strong></span> <span class='ocrx_word' id='word_1_331' title='bbox 374 2685 604 2758; x_wconf 84' lang='lat' dir='ltr'><strong>etinteliigentire</strong></span> <span class='ocrx_word' id='word_1_332' title='bbox 625 2686 750 2742; x_wconf 88' lang='lat' dir='ltr'><strong>recitatio</strong></span> <span class='ocrx_word' id='word_1_333' title='bbox 768 2699 823 2740; x_wconf 88' lang='lat' dir='ltr'><strong>non</strong></span> <span class='ocrx_word' id='word_1_334' title='bbox 837 2686 973 2740; x_wconf 86' lang='lat' dir='ltr'><strong>nocuerit.</strong></span> <span class='ocrx_word' id='word_1_335' title='bbox 1027 2684 1113 2740; x_wconf 81' lang='lat' dir='ltr'><strong>tirccm</strong></span> <span class='ocrx_word' id='word_1_336' title='bbox 1128 2683 1294 2741; x_wconf 82' lang='lat' dir='ltr'><strong>Cclbcrtinat</strong></span> <span class='ocrx_word' id='word_1_337' title='bbox 1317 2684 1464 2750; x_wconf 83' lang='lat' dir='ltr'><strong>subactus,</strong></span> <span class='ocrx_word' id='word_1_338' title='bbox 1488 2680 1681 2741; x_wconf 85' lang='lat' dir='ltr'><strong>Corbeiensem</strong></span> <span class='ocrx_word' id='word_1_339' title='bbox 1707 2696 1831 2743; x_wconf 72' lang='lat' dir='ltr'><strong>neuram</strong></span> 
     </span>
     <span class='ocr_line' id='line_1_28' title="bbox 173 2777 1830 2849; baseline -0.004 -9"><span class='ocrx_word' id='word_1_340' title='bbox 173 2780 227 2840; x_wconf 82' lang='lat' dir='ltr'><strong>Sed</strong></span> <span class='ocrx_word' id='word_1_341' title='bbox 241 2780 392 2836; x_wconf 87' lang='lat' dir='ltr'><strong>istiusmodi</strong></span> <span class='ocrx_word' id='word_1_342' title='bbox 409 2779 610 2849; x_wconf 82' lang='lat' dir='ltr'><strong>suspicionibus</strong></span> <span class='ocrx_word' id='word_1_343' title='bbox 621 2779 795 2835; x_wconf 80' lang='lat' dir='ltr'><strong>reclamitent</strong></span> <span class='ocrx_word' id='word_1_344' title='bbox 808 2777 976 2849; x_wconf 81' lang='lat' dir='ltr'><strong>exemplaria</strong></span> <span class='ocrx_word' id='word_1_345' title='bbox 1028 2777 1148 2833; x_wconf 76' lang='lat' dir='ltr'><strong>llattbcei</strong></span> <span class='ocrx_word' id='word_1_346' title='bbox 1170 2777 1292 2833; x_wconf 87' lang='lat' dir='ltr'><strong>codicem</strong></span> <span class='ocrx_word' id='word_1_347' title='bbox 1312 2785 1376 2831; x_wconf 89' lang='lat' dir='ltr'><strong>ante</strong></span> <span class='ocrx_word' id='word_1_348' title='bbox 1397 2777 1571 2845; x_wconf 87' lang='lat' dir='ltr'><strong>octingentes</strong></span> <span class='ocrx_word' id='word_1_349' title='bbox 1591 2792 1677 2834; x_wconf 83' lang='lat' dir='ltr'><strong>austros</strong></span> <span class='ocrx_word' id='word_1_350' title='bbox 1699 2781 1830 2847; x_wconf 87' lang='lat' dir='ltr'><strong>scriptum</strong></span> 
     </span>
     <span class='ocr_line' id='line_1_29' title="bbox 173 2868 1832 2943; baseline -0.002 -13"><span class='ocrx_word' id='word_1_351' title='bbox 173 2875 277 2935; x_wconf 75' lang='lat' dir='ltr'><strong>italice</strong></span> <span class='ocrx_word' id='word_1_352' title='bbox 288 2872 435 2940; x_wconf 79' lang='lat' dir='ltr'><strong>tensionis,</strong></span> <span class='ocrx_word' id='word_1_353' title='bbox 451 2887 484 2928; x_wconf 85' lang='lat' dir='ltr'><strong>ae</strong></span> <span class='ocrx_word' id='word_1_354' title='bbox 494 2872 638 2943; x_wconf 87' lang='lat' dir='ltr'><strong>religiosos</strong></span> <span class='ocrx_word' id='word_1_355' title='bbox 651 2871 735 2928; x_wconf 83' lang='lat' dir='ltr'><strong>icisse</strong></span> <span class='ocrx_word' id='word_1_356' title='bbox 746 2871 841 2927; x_wconf 86' lang='lat' dir='ltr'><strong>Patres</strong></span> <span class='ocrx_word' id='word_1_357' title='bbox 854 2871 881 2927; x_wconf 90' lang='lat' dir='ltr'><strong>in</strong></span> <span class='ocrx_word' id='word_1_358' title='bbox 891 2871 977 2927; x_wconf 84' lang='lat' dir='ltr'><strong>ritan-</strong></span> <span class='ocrx_word' id='word_1_359' title='bbox 1027 2886 1089 2929; x_wconf 87' lang='lat' dir='ltr'><strong>esse</strong></span> <span class='ocrx_word' id='word_1_360' title='bbox 1104 2871 1171 2927; x_wconf 88' lang='lat' dir='ltr'><strong>mibi</strong></span> <span class='ocrx_word' id='word_1_361' title='bbox 1186 2870 1333 2929; x_wconf 83' lang='lat' dir='ltr'><strong>concessit.</strong></span> <span class='ocrx_word' id='word_1_362' title='bbox 1347 2868 1404 2927; x_wconf 87' lang='lat' dir='ltr'><strong>Nec</strong></span> <span class='ocrx_word' id='word_1_363' title='bbox 1426 2870 1579 2937; x_wconf 84' lang='lat' dir='ltr'><strong>immerite,</strong></span> <span class='ocrx_word' id='word_1_364' title='bbox 1595 2886 1656 2927; x_wconf 88' lang='lat' dir='ltr'><strong>cum</strong></span> <span class='ocrx_word' id='word_1_365' title='bbox 1670 2870 1707 2928; x_wconf 89' lang='lat' dir='ltr'><strong>sit</strong></span> <span class='ocrx_word' id='word_1_366' title='bbox 1720 2872 1747 2927; x_wconf 91' lang='lat' dir='ltr'><strong>in</strong></span> <span class='ocrx_word' id='word_1_367' title='bbox 1761 2871 1832 2927; x_wconf 90' lang='lat' dir='ltr'><strong>anti·</strong></span> 
     </span>
     <span class='ocr_line' id='line_1_30' title="bbox 178 2959 1832 3037; baseline -0.001 -11"><span class='ocrx_word' id='word_1_368' title='bbox 178 2967 221 3026; x_wconf 87' lang='lat' dir='ltr'><strong>tiis</strong></span> <span class='ocrx_word' id='word_1_369' title='bbox 235 2966 335 3023; x_wconf 80' lang='lat' dir='ltr'><strong>diuinis</strong></span> <span class='ocrx_word' id='word_1_370' title='bbox 349 2965 499 3037; x_wconf 77' lang='lat' dir='ltr'><strong>seripturis</strong></span> <span class='ocrx_word' id='word_1_371' title='bbox 509 2965 595 3035; x_wconf 91' lang='lat' dir='ltr'><strong>probe</strong></span> <span class='ocrx_word' id='word_1_372' title='bbox 604 2963 804 3021; x_wconf 79' lang='lat' dir='ltr'><strong>demonstrant.</strong></span> <span class='ocrx_word' id='word_1_373' title='bbox 815 2959 882 3018; x_wconf 83' lang='lat' dir='ltr'><strong>Cum</strong></span> <span class='ocrx_word' id='word_1_374' title='bbox 895 2960 976 3034; x_wconf 90' lang='lat' dir='ltr'><strong>igitur</strong></span> <span class='ocrx_word' id='word_1_375' title='bbox 1027 2969 1089 3037; x_wconf 89' lang='lat' dir='ltr'><strong>quis</strong></span> <span class='ocrx_word' id='word_1_376' title='bbox 1102 2966 1270 3023; x_wconf 86' lang='lat' dir='ltr'><strong>rnernbranis</strong></span> <span class='ocrx_word' id='word_1_377' title='bbox 1280 2976 1408 3023; x_wconf 86' lang='lat' dir='ltr'><strong>caerulus</strong></span> <span class='ocrx_word' id='word_1_378' title='bbox 1425 2966 1523 3024; x_wconf 88' lang='lat' dir='ltr'><strong>litteris</strong></span> <span class='ocrx_word' id='word_1_379' title='bbox 1544 2966 1704 3034; x_wconf 77' lang='lat' dir='ltr'><strong>saxonicis,</strong></span> <span class='ocrx_word' id='word_1_380' title='bbox 1722 2968 1762 3025; x_wconf 81' lang='lat' dir='ltr'><strong>nel</strong></span> <span class='ocrx_word' id='word_1_381' title='bbox 1774 2968 1832 3024; x_wconf 86' lang='lat' dir='ltr'><strong>lic-</strong></span> 
     </span>
     <span class='ocr_line' id='line_1_31' title="bbox 176 3051 1833 3132; baseline 0.001 -17"><span class='ocrx_word' id='word_1_382' title='bbox 176 3058 250 3130; x_wconf 88' lang='lat' dir='ltr'><strong>apud</strong></span> <span class='ocrx_word' id='word_1_383' title='bbox 262 3059 337 3128; x_wconf 87' lang='lat' dir='ltr'><strong>ipsus</strong></span> <span class='ocrx_word' id='word_1_384' title='bbox 347 3058 479 3128; x_wconf 86' lang='lat' dir='ltr'><strong>plurimas</strong></span> <span class='ocrx_word' id='word_1_385' title='bbox 493 3057 592 3128; x_wconf 86' lang='lat' dir='ltr'><strong>legeris</strong></span> <span class='ocrx_word' id='word_1_386' title='bbox 606 3056 755 3111; x_wconf 84' lang='lat' dir='ltr'><strong>sentcruias</strong></span> <span class='ocrx_word' id='word_1_387' title='bbox 769 3053 857 3110; x_wconf 80' lang='lat' dir='ltr'><strong>textui</strong></span> <span class='ocrx_word' id='word_1_388' title='bbox 866 3052 977 3111; x_wconf 87' lang='lat' dir='ltr'><strong>bodicr-</strong></span> <span class='ocrx_word' id='word_1_389' title='bbox 1027 3061 1173 3132; x_wconf 85' lang='lat' dir='ltr'><strong>rcringicis</strong></span> <span class='ocrx_word' id='word_1_390' title='bbox 1191 3077 1199 3114; x_wconf 86' lang='lat' dir='ltr'><strong>r</strong></span> <span class='ocrx_word' id='word_1_391' title='bbox 1219 3060 1330 3117; x_wconf 84' lang='lat' dir='ltr'><strong>mixtam</strong></span> <span class='ocrx_word' id='word_1_392' title='bbox 1350 3061 1424 3118; x_wconf 89' lang='lat' dir='ltr'><strong>euim</strong></span> <span class='ocrx_word' id='word_1_393' title='bbox 1447 3063 1529 3119; x_wconf 88' lang='lat' dir='ltr'><strong>babet</strong></span> <span class='ocrx_word' id='word_1_394' title='bbox 1552 3051 1749 3119; x_wconf 81' lang='lat' dir='ltr'><strong>elementorum</strong></span> <span class='ocrx_word' id='word_1_395' title='bbox 1775 3060 1833 3118; x_wconf 86' lang='lat' dir='ltr'><strong>ior·</strong></span> 
     </span>
     <span class='ocr_line' id='line_1_32' title="bbox 175 3147 1832 3226; baseline 0.001 -16"><span class='ocrx_word' id='word_1_396' title='bbox 175 3166 218 3210; x_wconf 86' lang='lat' dir='ltr'><strong>ttre</strong></span> <span class='ocrx_word' id='word_1_397' title='bbox 233 3147 355 3220; x_wconf 67' lang='lat' dir='ltr'><strong>vulgales</strong></span> <span class='ocrx_word' id='word_1_398' title='bbox 366 3149 479 3205; x_wconf 79' lang='lat' dir='ltr'><strong>minime</strong></span> <span class='ocrx_word' id='word_1_399' title='bbox 490 3147 870 3213; x_wconf 64' lang='grc' dir='ltr'><strong>6011111111111θθι1111111111111</strong></span> <span class='ocrx_word' id='word_1_400' title='bbox 883 3151 1011 3217; x_wconf 69' lang='lat' dir='ltr'><strong>ellim-G</strong></span> <span class='ocrx_word' id='word_1_401' title='bbox 1026 3168 1109 3208; x_wconf 88' lang='lat' dir='ltr'><strong>marn.</strong></span> <span class='ocrx_word' id='word_1_402' title='bbox 1133 3154 1172 3210; x_wconf 85' lang='lat' dir='ltr'><strong>be</strong></span> <span class='ocrx_word' id='word_1_403' title='bbox 1198 3152 1448 3211; x_wconf 83' lang='lat' dir='ltr'><strong>San-Germanensi</strong></span> <span class='ocrx_word' id='word_1_404' title='bbox 1462 3155 1613 3224; x_wconf 81' lang='lat' dir='ltr'><strong>cxetnplrtri</strong></span> <span class='ocrx_word' id='word_1_405' title='bbox 1633 3155 1771 3226; x_wconf 72' lang='lat' dir='ltr'><strong>eleganter</strong></span> <span class='ocrx_word' id='word_1_406' title='bbox 1783 3152 1832 3211; x_wconf 88' lang='lat' dir='ltr'><strong>de·</strong></span> 
     </span>
     <span class='ocr_line' id='line_1_33' title="bbox 176 3239 1832 3317; baseline 0.001 -16"><span class='ocrx_word' id='word_1_407' title='bbox 176 3259 227 3316; x_wconf 84' lang='lat' dir='ltr'><strong>pus</strong></span> <span class='ocrx_word' id='word_1_408' title='bbox 239 3244 266 3300; x_wconf 93' lang='lat' dir='ltr'><strong>in</strong></span> <span class='ocrx_word' id='word_1_409' title='bbox 278 3256 384 3311; x_wconf 87' lang='lat' dir='ltr'><strong>rocem,</strong></span> <span class='ocrx_word' id='word_1_410' title='bbox 396 3257 493 3300; x_wconf 91' lang='lat' dir='ltr'><strong>eorum</strong></span> <span class='ocrx_word' id='word_1_411' title='bbox 503 3242 620 3299; x_wconf 89' lang='lat' dir='ltr'><strong>titubare</strong></span> <span class='ocrx_word' id='word_1_412' title='bbox 636 3241 716 3296; x_wconf 88' lang='lat' dir='ltr'><strong>iidem</strong></span> <span class='ocrx_word' id='word_1_413' title='bbox 729 3258 737 3306; x_wconf 88' lang='lat'>;</span> <span class='ocrx_word' id='word_1_414' title='bbox 748 3239 901 3304; x_wconf 87' lang='lat' dir='ltr'><strong>clamitans,</strong></span> <span class='ocrx_word' id='word_1_415' title='bbox 913 3239 975 3308; x_wconf 79' lang='lat' dir='ltr'><strong>quie</strong></span> <span class='ocrx_word' id='word_1_416' title='bbox 1030 3243 1150 3316; x_wconf 85' lang='lat' dir='ltr'><strong>scripto,</strong></span> <span class='ocrx_word' id='word_1_417' title='bbox 1166 3254 1329 3317; x_wconf 75' lang='lat' dir='ltr'><strong>retentoque</strong></span> <span class='ocrx_word' id='word_1_418' title='bbox 1342 3246 1517 3315; x_wconf 80' lang='lat' dir='ltr'><strong>charactere,</strong></span> <span class='ocrx_word' id='word_1_419' title='bbox 1533 3246 1605 3305; x_wconf 69' lang='lat' dir='ltr'><strong>merc</strong></span> <span class='ocrx_word' id='word_1_420' title='bbox 1629 3246 1681 3303; x_wconf 86' lang='lat' dir='ltr'><strong>icit</strong></span> <span class='ocrx_word' id='word_1_421' title='bbox 1698 3247 1832 3317; x_wconf 81' lang='lat' dir='ltr'><strong>judicium</strong></span> 
     </span>
     <span class='ocr_line' id='line_1_34' title="bbox 125 3331 1832 3410; baseline 0.001 -16"><span class='ocrx_word' id='word_1_422' title='bbox 125 3363 129 3371; x_wconf 88' lang='lat'><strong>·</strong></span> <span class='ocrx_word' id='word_1_423' title='bbox 170 3337 245 3410; x_wconf 87' lang='lat' dir='ltr'><strong>quod</strong></span> <span class='ocrx_word' id='word_1_424' title='bbox 269 3338 306 3394; x_wconf 87' lang='lat' dir='ltr'><strong>tui</strong></span> <span class='ocrx_word' id='word_1_425' title='bbox 330 3333 567 3402; x_wconf 85' lang='lat' dir='ltr'><strong>ecdicoelrabent,</strong></span> <span class='ocrx_word' id='word_1_426' title='bbox 585 3334 612 3391; x_wconf 91' lang='lat' dir='ltr'><strong>id</strong></span> <span class='ocrx_word' id='word_1_427' title='bbox 638 3333 792 3404; x_wconf 68' lang='lat' dir='ltr'><strong>saepissime</strong></span> <span class='ocrx_word' id='word_1_428' title='bbox 813 3347 867 3388; x_wconf 89' lang='lat' dir='ltr'><strong>noc</strong></span> <span class='ocrx_word' id='word_1_429' title='bbox 890 3331 975 3388; x_wconf 85' lang='lat' dir='ltr'><strong>babo·</strong></span> <span class='ocrx_word' id='word_1_430' title='bbox 1028 3339 1098 3409; x_wconf 87' lang='lat' dir='ltr'><strong>apnd</strong></span> <span class='ocrx_word' id='word_1_431' title='bbox 1115 3337 1365 3394; x_wconf 88' lang='lat' dir='ltr'><strong>multoestudiosoa</strong></span> <span class='ocrx_word' id='word_1_432' title='bbox 1380 3338 1523 3406; x_wconf 74' lang='lat' dir='ltr'><strong>domities,</strong></span> <span class='ocrx_word' id='word_1_433' title='bbox 1541 3339 1568 3394; x_wconf 90' lang='lat' dir='ltr'><strong>in</strong></span> <span class='ocrx_word' id='word_1_434' title='bbox 1584 3338 1666 3396; x_wconf 87' lang='lat' dir='ltr'><strong>rebus</strong></span> <span class='ocrx_word' id='word_1_435' title='bbox 1681 3338 1783 3404; x_wconf 87' lang='lat' dir='ltr'><strong>sacris,</strong></span> <span class='ocrx_word' id='word_1_436' title='bbox 1798 3352 1832 3396; x_wconf 88' lang='lat' dir='ltr'><strong>ac</strong></span> 
     </span>
     <span class='ocr_line' id='line_1_35' title="bbox 174 3425 1830 3503; baseline -0.002 -15"><span class='ocrx_word' id='word_1_437' title='bbox 174 3430 241 3488; x_wconf 81' lang='lat' dir='ltr'><strong>bant</strong></span> <span class='ocrx_word' id='word_1_438' title='bbox 253 3430 363 3488; x_wconf 81' lang='lat' dir='ltr'><strong>Palrnns</strong></span> <span class='ocrx_word' id='word_1_439' title='bbox 377 3428 543 3501; x_wconf 82' lang='lat' dir='ltr'><strong>exernplaria</strong></span> <span class='ocrx_word' id='word_1_440' title='bbox 555 3443 564 3494; x_wconf 91' lang='lat'><strong>;</strong></span> <span class='ocrx_word' id='word_1_441' title='bbox 576 3429 618 3484; x_wconf 83' lang='lat' dir='ltr'><strong>uel</strong></span> <span class='ocrx_word' id='word_1_442' title='bbox 635 3429 725 3499; x_wconf 86' lang='lat' dir='ltr'><strong>potius</strong></span> <span class='ocrx_word' id='word_1_443' title='bbox 748 3427 787 3484; x_wconf 83' lang='lat' dir='ltr'><strong>lui</strong></span> <span class='ocrx_word' id='word_1_444' title='bbox 806 3441 860 3482; x_wconf 86' lang='lat' dir='ltr'><strong>uon</strong></span> <span class='ocrx_word' id='word_1_445' title='bbox 875 3425 977 3482; x_wconf 79' lang='lat' dir='ltr'><strong>ltebenl</strong></span> <span class='ocrx_word' id='word_1_446' title='bbox 1028 3431 1056 3488; x_wconf 91' lang='lat' dir='ltr'><strong>in</strong></span> <span class='ocrx_word' id='word_1_447' title='bbox 1069 3432 1207 3489; x_wconf 81' lang='lat' dir='ltr'><strong>veteribus</strong></span> <span class='ocrx_word' id='word_1_448' title='bbox 1218 3434 1403 3489; x_wconf 85' lang='lat' dir='ltr'><strong>monumentis</strong></span> <span class='ocrx_word' id='word_1_449' title='bbox 1413 3433 1555 3499; x_wconf 59' lang='lat' dir='ltr'><strong>curiensem</strong></span> <span class='ocrx_word' id='word_1_450' title='bbox 1567 3446 1683 3503; x_wconf 90' lang='lat' dir='ltr'><strong>qnorum</strong></span> <span class='ocrx_word' id='word_1_451' title='bbox 1693 3431 1830 3499; x_wconf 84' lang='lat' dir='ltr'><strong>alloquiis,</strong></span> 
     </span>
     <span class='ocr_line' id='line_1_36' title="bbox 175 3519 1830 3596; baseline -0.001 -17"><span class='ocrx_word' id='word_1_452' title='bbox 175 3523 296 3591; x_wconf 83' lang='lat' dir='ltr'><strong>codices,</strong></span> <span class='ocrx_word' id='word_1_453' title='bbox 311 3522 384 3595; x_wconf 89' lang='lat' dir='ltr'><strong>quod</strong></span> <span class='ocrx_word' id='word_1_454' title='bbox 394 3523 432 3578; x_wconf 91' lang='lat' dir='ltr'><strong>illi</strong></span> <span class='ocrx_word' id='word_1_455' title='bbox 445 3523 571 3593; x_wconf 84' lang='lat' dir='ltr'><strong>legebant</strong></span> <span class='ocrx_word' id='word_1_456' title='bbox 581 3522 694 3590; x_wconf 84' lang='lat' dir='ltr'><strong>passim.</strong></span> <span class='ocrx_word' id='word_1_457' title='bbox 714 3520 760 3578; x_wconf 90' lang='lat' dir='ltr'><strong>Sic</strong></span> <span class='ocrx_word' id='word_1_458' title='bbox 777 3520 834 3577; x_wconf 79' lang='lat' dir='ltr'><strong>Leo</strong></span> <span class='ocrx_word' id='word_1_459' title='bbox 850 3519 976 3590; x_wconf 81' lang='lat' dir='ltr'><strong>Magnus,</strong></span> <span class='ocrx_word' id='word_1_460' title='bbox 1027 3531 1056 3579; x_wconf 91' lang='lat' dir='ltr'><strong>ct</strong></span> <span class='ocrx_word' id='word_1_461' title='bbox 1072 3524 1255 3581; x_wconf 79' lang='lat' dir='ltr'><strong>familiaritate</strong></span> <span class='ocrx_word' id='word_1_462' title='bbox 1269 3525 1474 3595; x_wconf 82' lang='lat' dir='ltr'><strong>cohonestatus,</strong></span> <span class='ocrx_word' id='word_1_463' title='bbox 1491 3525 1620 3583; x_wconf 83' lang='lat' dir='ltr'><strong>ridendos</strong></span> <span class='ocrx_word' id='word_1_464' title='bbox 1631 3524 1697 3596; x_wconf 91' lang='lat' dir='ltr'><strong>ipsis</strong></span> <span class='ocrx_word' id='word_1_465' title='bbox 1710 3540 1743 3581; x_wconf 89' lang='lat' dir='ltr'><strong>ac</strong></span> <span class='ocrx_word' id='word_1_466' title='bbox 1753 3538 1830 3580; x_wconf 89' lang='lat' dir='ltr'><strong>scru-</strong></span> 
     </span>
     <span class='ocr_line' id='line_1_37' title="bbox 173 3611 1832 3685; baseline -0.002 -9"><span class='ocrx_word' id='word_1_467' title='bbox 173 3614 497 3682; x_wconf 82' lang='lat' dir='ltr'><strong>etanteeumliilarius,</strong></span> <span class='ocrx_word' id='word_1_468' title='bbox 514 3614 717 3673; x_wconf 76' lang='lat' dir='ltr'><strong>etbmbrnsiut</strong></span> <span class='ocrx_word' id='word_1_469' title='bbox 744 3615 860 3685; x_wconf 88' lang='lat' dir='ltr'><strong>legunt:</strong></span> <span class='ocrx_word' id='word_1_470' title='bbox 881 3611 917 3668; x_wconf 78' lang='grc' dir='ltr'>Ει</span> <span class='ocrx_word' id='word_1_471' title='bbox 948 3623 977 3667; x_wconf 90' lang='grc' dir='ltr'><strong>ιιι</strong></span> <span class='ocrx_word' id='word_1_472' title='bbox 1027 3614 1503 3674; x_wconf 76' lang='lat' dir='ltr'><strong>tandmtrencaroesbibuicodiecs</strong></span> <span class='ocrx_word' id='word_1_473' title='bbox 1516 3614 1832 3685; x_wconf 82' lang='lat' dir='ltr'><strong>manuscripscslnttec</strong></span> 
     </span>
     <span class='ocr_line' id='line_1_38' title="bbox 173 3705 1832 3779; baseline -0.001 -15"><span class='ocrx_word' id='word_1_474' title='bbox 173 3708 307 3764; x_wconf 78' lang='lat' dir='ltr'><strong>lircilrrm</strong></span> <span class='ocrx_word' id='word_1_475' title='bbox 328 3707 455 3776; x_wconf 78' lang='lat' dir='ltr'><strong>leuce,</strong></span> <span class='ocrx_word' id='word_1_476' title='bbox 484 3724 536 3765; x_wconf 82' lang='lat' dir='ltr'><strong>nort</strong></span> <span class='ocrx_word' id='word_1_477' title='bbox 560 3718 599 3764; x_wconf 85' lang='lat' dir='ltr'><strong>est</strong></span> <span class='ocrx_word' id='word_1_478' title='bbox 619 3708 729 3763; x_wconf 76' lang='lat' dir='ltr'><strong>aniciano</strong></span> <span class='ocrx_word' id='word_1_479' title='bbox 750 3708 817 3762; x_wconf 84' lang='lat' dir='ltr'><strong>iuter</strong></span> <span class='ocrx_word' id='word_1_480' title='bbox 848 3705 977 3776; x_wconf 67' lang='lat' dir='ltr'><strong>principa</strong></span> <span class='ocrx_word' id='word_1_481' title='bbox 1027 3707 1172 3764; x_wconf 82' lang='lat' dir='ltr'><strong>versionis.</strong></span> <span class='ocrx_word' id='word_1_482' title='bbox 1197 3705 1312 3764; x_wconf 81' lang='lat' dir='ltr'><strong>sndatm</strong></span> <span class='ocrx_word' id='word_1_483' title='bbox 1336 3722 1414 3766; x_wconf 85' lang='lat' dir='ltr'><strong>crece</strong></span> <span class='ocrx_word' id='word_1_484' title='bbox 1438 3723 1470 3764; x_wconf 87' lang='lat' dir='ltr'><strong>ac</strong></span> <span class='ocrx_word' id='word_1_485' title='bbox 1494 3707 1731 3779; x_wconf 77' lang='lat' dir='ltr'><strong>compresbyteros</strong></span> <span class='ocrx_word' id='word_1_486' title='bbox 1753 3715 1832 3762; x_wconf 88' lang='lat' dir='ltr'><strong>taceo</strong></span> 
     </span>
     <span class='ocr_line' id='line_1_39' title="bbox 173 3797 1833 3871; baseline -0.002 -13"><span class='ocrx_word' id='word_1_487' title='bbox 173 3800 272 3859; x_wconf 81' lang='lat' dir='ltr'><strong>tneo:</strong></span> <span class='ocrx_word' id='word_1_488' title='bbox 298 3816 332 3856; x_wconf 76' lang='lat' dir='ltr'><strong>es</strong></span> <span class='ocrx_word' id='word_1_489' title='bbox 343 3809 370 3856; x_wconf 90' lang='grc' dir='ltr'><strong>ιι</strong></span> <span class='ocrx_word' id='word_1_490' title='bbox 381 3802 449 3856; x_wconf 83' lang='lat' dir='ltr'><strong>enim</strong></span> <span class='ocrx_word' id='word_1_491' title='bbox 463 3802 526 3856; x_wconf 79' lang='lat' dir='ltr'><strong>sciet</strong></span> <span class='ocrx_word' id='word_1_492' title='bbox 540 3798 677 3869; x_wconf 84' lang='lat' dir='ltr'><strong>Princeps,</strong></span> <span class='ocrx_word' id='word_1_493' title='bbox 700 3799 744 3868; x_wconf 80' lang='lat' dir='ltr'><strong>qui</strong></span> <span class='ocrx_word' id='word_1_494' title='bbox 764 3809 838 3869; x_wconf 79' lang='lat' dir='ltr'><strong>regor</strong></span> <span class='ocrx_word' id='word_1_495' title='bbox 852 3797 977 3868; x_wconf 84' lang='lat' dir='ltr'><strong>populent</strong></span> <span class='ocrx_word' id='word_1_496' title='bbox 1027 3802 1193 3868; x_wconf 84' lang='lat' dir='ltr'><strong>monachos,</strong></span> <span class='ocrx_word' id='word_1_497' title='bbox 1208 3801 1333 3871; x_wconf 83' lang='lat' dir='ltr'><strong>quamvis</strong></span> <span class='ocrx_word' id='word_1_498' title='bbox 1354 3802 1477 3858; x_wconf 88' lang='lat' dir='ltr'><strong>nonnulli</strong></span> <span class='ocrx_word' id='word_1_499' title='bbox 1497 3816 1531 3860; x_wconf 85' lang='lat' dir='ltr'><strong>ex</strong></span> <span class='ocrx_word' id='word_1_500' title='bbox 1546 3802 1604 3868; x_wconf 87' lang='lat' dir='ltr'><strong>eis,</strong></span> <span class='ocrx_word' id='word_1_501' title='bbox 1620 3801 1728 3857; x_wconf 87' lang='lat' dir='ltr'><strong>nemine</strong></span> <span class='ocrx_word' id='word_1_502' title='bbox 1743 3799 1833 3854; x_wconf 88' lang='lat' dir='ltr'><strong>reela·</strong></span> 
     </span>
     <span class='ocr_line' id='line_1_40' title="bbox 173 3888 1831 3963; baseline 0 -13"><span class='ocrx_word' id='word_1_503' title='bbox 173 3892 362 3950; x_wconf 85' lang='lat' dir='ltr'><strong>utsumlrroel.</strong></span> <span class='ocrx_word' id='word_1_504' title='bbox 374 3892 493 3963; x_wconf 82' lang='lat' dir='ltr'><strong>Legebat</strong></span> <span class='ocrx_word' id='word_1_505' title='bbox 507 3891 617 3948; x_wconf 78' lang='lat' dir='ltr'><strong>Lucifer</strong></span> <span class='ocrx_word' id='word_1_506' title='bbox 636 3888 871 3946; x_wconf 66' lang='lat' dir='ltr'><strong>mtartrannmts&#39;r</strong></span> <span class='ocrx_word' id='word_1_507' title='bbox 897 3889 978 3945; x_wconf 76' lang='grc' dir='ltr'>ιιιιιιι</span> <span class='ocrx_word' id='word_1_508' title='bbox 1027 3902 1135 3956; x_wconf 80' lang='lat' dir='ltr'><strong>manle,</strong></span> <span class='ocrx_word' id='word_1_509' title='bbox 1155 3893 1350 3949; x_wconf 85' lang='lat' dir='ltr'><strong>consultissimi</strong></span> <span class='ocrx_word' id='word_1_510' title='bbox 1374 3895 1525 3953; x_wconf 77' lang='lat' dir='ltr'><strong>baberetur</strong></span> <span class='ocrx_word' id='word_1_511' title='bbox 1549 3895 1577 3950; x_wconf 91' lang='lat' dir='ltr'><strong>itt</strong></span> <span class='ocrx_word' id='word_1_512' title='bbox 1600 3895 1652 3952; x_wconf 83' lang='lat' dir='ltr'><strong>bec</strong></span> <span class='ocrx_word' id='word_1_513' title='bbox 1671 3892 1831 3950; x_wconf 87' lang='lat' dir='ltr'><strong>eruditionis</strong></span> 
     </span>
     <span class='ocr_line' id='line_1_41' title="bbox 173 3982 1831 4060; baseline -0.005 -9"><span class='ocrx_word' id='word_1_514' title='bbox 173 3991 297 4059; x_wconf 64' lang='lat' dir='ltr'><strong>semime</strong></span> <span class='ocrx_word' id='word_1_515' title='bbox 320 4002 376 4051; x_wconf 75' lang='grc'><strong>1111,</strong></span> <span class='ocrx_word' id='word_1_516' title='bbox 396 3985 506 4040; x_wconf 68' lang='grc'><strong>1111111111</strong></span> <span class='ocrx_word' id='word_1_517' title='bbox 521 4000 531 4041; x_wconf 66' lang='grc' dir='ltr'><strong>ο·</strong></span> <span class='ocrx_word' id='word_1_518' title='bbox 554 3984 659 4040; x_wconf 68' lang='grc' dir='ltr'><strong>Ρ1111111</strong></span> <span class='ocrx_word' id='word_1_519' title='bbox 682 3983 804 4038; x_wconf 55' lang='lat' dir='ltr'><strong>behemi</strong></span> <span class='ocrx_word' id='word_1_520' title='bbox 833 3982 976 4039; x_wconf 69' lang='lat' dir='ltr'><strong>Abraham·</strong></span> <span class='ocrx_word' id='word_1_521' title='bbox 1027 4003 1138 4060; x_wconf 89' lang='lat' dir='ltr'><strong>genere.</strong></span> <span class='ocrx_word' id='word_1_522' title='bbox 1153 3985 1208 4044; x_wconf 85' lang='lat' dir='ltr'><strong>Sed</strong></span> <span class='ocrx_word' id='word_1_523' title='bbox 1224 3988 1314 4043; x_wconf 88' lang='lat' dir='ltr'><strong>nullus</strong></span> <span class='ocrx_word' id='word_1_524' title='bbox 1328 3988 1467 4059; x_wconf 85' lang='lat' dir='ltr'><strong>tseipsc,</strong></span> <span class='ocrx_word' id='word_1_525' title='bbox 1483 3998 1558 4045; x_wconf 87' lang='lat' dir='ltr'><strong>anta</strong></span> <span class='ocrx_word' id='word_1_526' title='bbox 1573 3988 1630 4046; x_wconf 86' lang='lat' dir='ltr'><strong>scis</strong></span> <span class='ocrx_word' id='word_1_527' title='bbox 1644 3987 1831 4045; x_wconf 80' lang='lat' dir='ltr'><strong>testimonium</strong></span> 
     </span>
     <span class='ocr_line' id='line_1_42' title="bbox 172 4075 1830 4150; baseline -0.004 -13"><span class='ocrx_word' id='word_1_528' title='bbox 172 4079 348 4139; x_wconf 77' lang='lat' dir='ltr'><strong>Chromatius</strong></span> <span class='ocrx_word' id='word_1_529' title='bbox 357 4078 558 4149; x_wconf 74' lang='lat' dir='ltr'><strong>Aquileiensis:</strong></span> <span class='ocrx_word' id='word_1_530' title='bbox 573 4075 648 4132; x_wconf 80' lang='lat' dir='ltr'><strong>ilenti</strong></span> <span class='ocrx_word' id='word_1_531' title='bbox 667 4076 745 4141; x_wconf 84' lang='lat' dir='ltr'><strong>estis,</strong></span> <span class='ocrx_word' id='word_1_532' title='bbox 760 4091 819 4131; x_wconf 76' lang='lat' dir='ltr'><strong>eum</strong></span> <span class='ocrx_word' id='word_1_533' title='bbox 834 4090 877 4130; x_wconf 74' lang='grc' dir='ltr'><strong>ιιι</strong></span> <span class='ocrx_word' id='word_1_534' title='bbox 892 4090 977 4146; x_wconf 74' lang='lat' dir='ltr'><strong>perse·</strong></span> <span class='ocrx_word' id='word_1_535' title='bbox 1027 4082 1152 4150; x_wconf 85' lang='lat' dir='ltr'><strong>acciperc</strong></span> <span class='ocrx_word' id='word_1_536' title='bbox 1165 4080 1262 4137; x_wconf 83' lang='lat' dir='ltr'><strong>solitus</strong></span> <span class='ocrx_word' id='word_1_537' title='bbox 1276 4091 1328 4137; x_wconf 91' lang='lat' dir='ltr'><strong>est.</strong></span> <span class='ocrx_word' id='word_1_538' title='bbox 1344 4081 1467 4146; x_wconf 79' lang='lat' dir='ltr'><strong>Densum.</strong></span> <span class='ocrx_word' id='word_1_539' title='bbox 1480 4088 1510 4135; x_wconf 94' lang='lat' dir='ltr'><strong>nt</strong></span> <span class='ocrx_word' id='word_1_540' title='bbox 1523 4095 1576 4137; x_wconf 90' lang='lat' dir='ltr'><strong>unu</strong></span> <span class='ocrx_word' id='word_1_541' title='bbox 1587 4080 1670 4137; x_wconf 86' lang='lat' dir='ltr'><strong>uerbo</strong></span> <span class='ocrx_word' id='word_1_542' title='bbox 1680 4079 1830 4146; x_wconf 83' lang='lat' dir='ltr'><strong>absolvam,</strong></span> 
     </span>
     <span class='ocr_line' id='line_1_43' title="bbox 172 4168 1831 4246; baseline -0.003 -18"><span class='ocrx_word' id='word_1_543' title='bbox 172 4183 299 4246; x_wconf 82' lang='lat' dir='ltr'><strong>querentur,</strong></span> <span class='ocrx_word' id='word_1_544' title='bbox 316 4181 340 4228; x_wconf 86' lang='lat' dir='ltr'><strong>et</strong></span> <span class='ocrx_word' id='word_1_545' title='bbox 351 4170 506 4241; x_wconf 79' lang='lat' dir='ltr'><strong>reprobant,</strong></span> <span class='ocrx_word' id='word_1_546' title='bbox 520 4170 641 4225; x_wconf 75' lang='lat' dir='ltr'><strong>sedicunt</strong></span> <span class='ocrx_word' id='word_1_547' title='bbox 650 4168 832 4225; x_wconf 77' lang='lat' dir='ltr'><strong>omnenmlttrn</strong></span> <span class='ocrx_word' id='word_1_548' title='bbox 842 4168 977 4224; x_wconf 84' lang='lat' dir='ltr'><strong>aduersum</strong></span> <span class='ocrx_word' id='word_1_549' title='bbox 1028 4179 1131 4243; x_wconf 78' lang='lat' dir='ltr'><strong>praesto</strong></span> <span class='ocrx_word' id='word_1_550' title='bbox 1146 4181 1208 4229; x_wconf 89' lang='lat' dir='ltr'><strong>sunt</strong></span> <span class='ocrx_word' id='word_1_551' title='bbox 1227 4172 1406 4243; x_wconf 83' lang='lat' dir='ltr'><strong>mattuseripti</strong></span> <span class='ocrx_word' id='word_1_552' title='bbox 1420 4173 1507 4231; x_wconf 74' lang='lat' dir='ltr'><strong>nostn</strong></span> <span class='ocrx_word' id='word_1_553' title='bbox 1524 4172 1652 4230; x_wconf 84' lang='lat' dir='ltr'><strong>crttnibue</strong></span> <span class='ocrx_word' id='word_1_554' title='bbox 1675 4186 1831 4241; x_wconf 79' lang='lat' dir='ltr'><strong>repracsen-</strong></span> 
     </span>
     <span class='ocr_line' id='line_1_44' title="bbox 172 4252 1830 4339; baseline -0.002 -15"><span class='ocrx_word' id='word_1_555' title='bbox 172 4262 216 4324; x_wconf 86' lang='grc' dir='ltr'><strong>ιἰι</strong></span> <span class='ocrx_word' id='word_1_556' title='bbox 230 4276 335 4338; x_wconf 82' lang='lat' dir='ltr'><strong>propter</strong></span> <span class='ocrx_word' id='word_1_557' title='bbox 341 4268 484 4339; x_wconf 78' lang='lat' dir='ltr'><strong>justitient,</strong></span> <span class='ocrx_word' id='word_1_558' title='bbox 497 4272 658 4322; x_wconf 74' lang='lat' dir='ltr'><strong>mentientes.</strong></span> <span class='ocrx_word' id='word_1_559' title='bbox 674 4265 798 4334; x_wconf 83' lang='lat' dir='ltr'><strong>lienique</strong></span> <span class='ocrx_word' id='word_1_560' title='bbox 810 4262 976 4334; x_wconf 81' lang='lat' dir='ltr'><strong>Cyprianus,</strong></span> <span class='ocrx_word' id='word_1_561' title='bbox 1029 4264 1102 4320; x_wconf 90' lang='lat' dir='ltr'><strong>tandi</strong></span> <span class='ocrx_word' id='word_1_562' title='bbox 1115 4265 1247 4330; x_wconf 82' lang='lat' dir='ltr'><strong>curiosis,</strong></span> <span class='ocrx_word' id='word_1_563' title='bbox 1262 4265 1309 4337; x_wconf 91' lang='lat' dir='ltr'><strong>qni</strong></span> <span class='ocrx_word' id='word_1_564' title='bbox 1322 4266 1356 4322; x_wconf 90' lang='lat' dir='ltr'><strong>dc</strong></span> <span class='ocrx_word' id='word_1_565' title='bbox 1365 4281 1461 4324; x_wconf 84' lang='lat' dir='ltr'><strong>cerunt</strong></span> <span class='ocrx_word' id='word_1_566' title='bbox 1478 4252 1589 4338; x_wconf 80' lang='lat' dir='ltr'><strong>probata</strong></span> <span class='ocrx_word' id='word_1_567' title='bbox 1602 4273 1736 4322; x_wconf 82' lang='lat' dir='ltr'><strong>uetustate</strong></span> <span class='ocrx_word' id='word_1_568' title='bbox 1748 4265 1830 4321; x_wconf 89' lang='lat' dir='ltr'><strong>dubi·</strong></span> 
     </span>
     <span class='ocr_line' id='line_1_45' title="bbox 177 4356 1247 4428; baseline -0.004 -13"><span class='ocrx_word' id='word_1_569' title='bbox 177 4367 206 4415; x_wconf 89' lang='lat' dir='ltr'><strong>el</strong></span> <span class='ocrx_word' id='word_1_570' title='bbox 218 4359 264 4415; x_wconf 86' lang='lat' dir='ltr'><strong>alii</strong></span> <span class='ocrx_word' id='word_1_571' title='bbox 277 4376 284 4413; x_wconf 82' lang='lat' dir='ltr'><strong>a</strong></span> <span class='ocrx_word' id='word_1_572' title='bbox 299 4356 358 4428; x_wconf 84' lang='lat' dir='ltr'><strong>Ege</strong></span> <span class='ocrx_word' id='word_1_573' title='bbox 368 4357 414 4414; x_wconf 86' lang='lat' dir='ltr'><strong>tllr·</strong></span> <span class='ocrx_word' id='word_1_574' title='bbox 427 4358 496 4423; x_wconf 85' lang='lat' dir='ltr'><strong>dico,</strong></span> <span class='ocrx_word' id='word_1_575' title='bbox 508 4359 569 4426; x_wconf 87' lang='lat' dir='ltr'><strong>qsic</strong></span> <span class='ocrx_word' id='word_1_576' title='bbox 582 4367 610 4413; x_wconf 88' lang='grc' dir='ltr'><strong>ιιι</strong></span> <span class='ocrx_word' id='word_1_577' title='bbox 619 4374 647 4413; x_wconf 86' lang='lat' dir='ltr'><strong>et</strong></span> <span class='ocrx_word' id='word_1_578' title='bbox 660 4356 799 4422; x_wconf 68' lang='lat' dir='ltr'><strong>Petraea</strong></span> <span class='ocrx_word' id='word_1_579' title='bbox 811 4373 889 4425; x_wconf 83' lang='lat' dir='ltr'><strong>super</strong></span> <span class='ocrx_word' id='word_1_580' title='bbox 899 4357 977 4411; x_wconf 87' lang='lat' dir='ltr'><strong>istem</strong></span> <span class='ocrx_word' id='word_1_581' title='bbox 1029 4367 1087 4414; x_wconf 83' lang='lat' dir='ltr'><strong>lare</strong></span> <span class='ocrx_word' id='word_1_582' title='bbox 1100 4357 1247 4413; x_wconf 84' lang='lat' dir='ltr'><strong>voluerint.</strong></span> 
     </span>
     <span class='ocr_line' id='line_1_46' title="bbox 172 4449 1833 4522; baseline 0.002 -18"><span class='ocrx_word' id='word_1_583' title='bbox 172 4459 273 4522; x_wconf 75' lang='grc' dir='ltr'>ριιιαιι</span> <span class='ocrx_word' id='word_1_584' title='bbox 286 4451 421 4521; x_wconf 71' lang='lat' dir='ltr'><strong>edificabo</strong></span> <span class='ocrx_word' id='word_1_585' title='bbox 437 4450 582 4507; x_wconf 81' lang='grc' dir='ltr'>Ειιιιιιιιιι</span> <span class='ocrx_word' id='word_1_586' title='bbox 595 4466 687 4516; x_wconf 79' lang='lat' dir='ltr'><strong>ermes,</strong></span> <span class='ocrx_word' id='word_1_587' title='bbox 700 4457 729 4505; x_wconf 89' lang='lat' dir='ltr'><strong>et</strong></span> <span class='ocrx_word' id='word_1_588' title='bbox 740 4460 822 4520; x_wconf 81' lang='lat' dir='ltr'><strong>perte</strong></span> <span class='ocrx_word' id='word_1_589' title='bbox 832 4449 977 4519; x_wconf 64' lang='lat' dir='ltr'><strong>insererem</strong></span> <span class='ocrx_word' id='word_1_590' title='bbox 1065 4450 1125 4507; x_wconf 84' lang='lat' dir='ltr'><strong>biri</strong></span> <span class='ocrx_word' id='word_1_591' title='bbox 1145 4458 1322 4508; x_wconf 83' lang='lat' dir='ltr'><strong>consecratos</strong></span> <span class='ocrx_word' id='word_1_592' title='bbox 1344 4451 1430 4510; x_wconf 85' lang='lat' dir='ltr'><strong>luisse</strong></span> <span class='ocrx_word' id='word_1_593' title='bbox 1450 4451 1561 4509; x_wconf 88' lang='lat' dir='ltr'><strong>cedices</strong></span> <span class='ocrx_word' id='word_1_594' title='bbox 1582 4462 1691 4509; x_wconf 90' lang='lat' dir='ltr'><strong>nostros</strong></span> <span class='ocrx_word' id='word_1_595' title='bbox 1711 4450 1833 4522; x_wconf 88' lang='lat' dir='ltr'><strong>peranti-</strong></span> 
     </span>
     <span class='ocr_line' id='line_1_47' title="bbox 169 4542 1831 4617; baseline -0.004 -14"><span class='ocrx_word' id='word_1_596' title='bbox 169 4561 222 4603; x_wconf 88' lang='lat' dir='ltr'><strong>ttcn</strong></span> <span class='ocrx_word' id='word_1_597' title='bbox 234 4546 335 4602; x_wconf 80' lang='lat' dir='ltr'><strong>aiacem</strong></span> <span class='ocrx_word' id='word_1_598' title='bbox 349 4560 416 4609; x_wconf 81' lang='lat' dir='ltr'><strong>eum,</strong></span> <span class='ocrx_word' id='word_1_599' title='bbox 432 4553 486 4602; x_wconf 86' lang='lat' dir='ltr'><strong>etc.</strong></span> <span class='ocrx_word' id='word_1_600' title='bbox 502 4543 603 4602; x_wconf 81' lang='lat' dir='ltr'><strong>Verum</strong></span> <span class='ocrx_word' id='word_1_601' title='bbox 626 4544 692 4617; x_wconf 86' lang='lat' dir='ltr'><strong>quid</strong></span> <span class='ocrx_word' id='word_1_602' title='bbox 706 4545 814 4610; x_wconf 82' lang='lat' dir='ltr'><strong>eticae,</strong></span> <span class='ocrx_word' id='word_1_603' title='bbox 831 4545 882 4602; x_wconf 88' lang='lat' dir='ltr'><strong>ista</strong></span> <span class='ocrx_word' id='word_1_604' title='bbox 897 4559 974 4600; x_wconf 89' lang='lat' dir='ltr'><strong>com·</strong></span> <span class='ocrx_word' id='word_1_605' title='bbox 985 4542 1013 4605; x_wconf 90' lang='grc' dir='ltr'><strong>Ι)</strong></span> <span class='ocrx_word' id='word_1_606' title='bbox 1024 4556 1093 4612; x_wconf 90' lang='lat' dir='ltr'><strong>qnos</strong></span> <span class='ocrx_word' id='word_1_607' title='bbox 1106 4542 1181 4600; x_wconf 74' lang='lat' dir='ltr'><strong>leste</strong></span> <span class='ocrx_word' id='word_1_608' title='bbox 1207 4543 1340 4600; x_wconf 77' lang='lat' dir='ltr'><strong>versionis</strong></span> <span class='ocrx_word' id='word_1_609' title='bbox 1366 4544 1394 4601; x_wconf 91' lang='lat' dir='ltr'><strong>in</strong></span> <span class='ocrx_word' id='word_1_610' title='bbox 1422 4545 1596 4601; x_wconf 86' lang='lat' dir='ltr'><strong>monasteriis</strong></span> <span class='ocrx_word' id='word_1_611' title='bbox 1626 4543 1831 4614; x_wconf 64' lang='lat' dir='ltr'><strong>insignioribus.</strong></span> 
     </span>
     <span class='ocr_line' id='line_1_48' title="bbox 172 4635 1832 4708; baseline -0.002 -13"><span class='ocrx_word' id='word_1_612' title='bbox 172 4651 368 4700; x_wconf 79' lang='lat' dir='ltr'><strong>memoramus,</strong></span> <span class='ocrx_word' id='word_1_613' title='bbox 383 4636 671 4708; x_wconf 87' lang='lat' dir='ltr'><strong>quandosttillcionter</strong></span> <span class='ocrx_word' id='word_1_614' title='bbox 691 4653 708 4696; x_wconf 90' lang='lat' dir='ltr'><strong>s</strong></span> <span class='ocrx_word' id='word_1_615' title='bbox 728 4637 806 4694; x_wconf 84' lang='lat' dir='ltr'><strong>nabis</strong></span> <span class='ocrx_word' id='word_1_616' title='bbox 826 4638 890 4695; x_wconf 86' lang='lat' dir='ltr'><strong>atini</strong></span> <span class='ocrx_word' id='word_1_617' title='bbox 912 4652 975 4707; x_wconf 89' lang='lat' dir='ltr'><strong>per-</strong></span> <span class='ocrx_word' id='word_1_618' title='bbox 1025 4635 1104 4702; x_wconf 81' lang='lat' dir='ltr'><strong>Quod</strong></span> <span class='ocrx_word' id='word_1_619' title='bbox 1117 4636 1156 4691; x_wconf 88' lang='lat' dir='ltr'><strong>ita</strong></span> <span class='ocrx_word' id='word_1_620' title='bbox 1170 4651 1231 4694; x_wconf 88' lang='lat' dir='ltr'><strong>csse</strong></span> <span class='ocrx_word' id='word_1_621' title='bbox 1245 4637 1337 4692; x_wconf 89' lang='lat' dir='ltr'><strong>nuilus</strong></span> <span class='ocrx_word' id='word_1_622' title='bbox 1350 4637 1455 4693; x_wconf 86' lang='lat' dir='ltr'><strong>inlicias</strong></span> <span class='ocrx_word' id='word_1_623' title='bbox 1469 4637 1542 4705; x_wconf 90' lang='lat' dir='ltr'><strong>ierit,</strong></span> <span class='ocrx_word' id='word_1_624' title='bbox 1552 4638 1597 4708; x_wconf 88' lang='lat' dir='ltr'><strong>qrti</strong></span> <span class='ocrx_word' id='word_1_625' title='bbox 1612 4637 1731 4693; x_wconf 83' lang='lat' dir='ltr'><strong>historiar</strong></span> <span class='ocrx_word' id='word_1_626' title='bbox 1742 4637 1832 4692; x_wconf 87' lang='lat' dir='ltr'><strong>eccle·</strong></span> 
     </span>
     <span class='ocr_line' id='line_1_49' title="bbox 170 4728 1832 4810; baseline -0.001 -23"><span class='ocrx_word' id='word_1_627' title='bbox 170 4739 284 4787; x_wconf 84' lang='lat' dir='ltr'><strong>mactata</strong></span> <span class='ocrx_word' id='word_1_628' title='bbox 298 4730 433 4810; x_wconf 83' lang='lat' dir='ltr'><strong>legantes.</strong></span> <span class='ocrx_word' id='word_1_629' title='bbox 463 4728 596 4785; x_wconf 79' lang='lat' dir='ltr'><strong>Consciae</strong></span> <span class='ocrx_word' id='word_1_630' title='bbox 610 4731 813 4800; x_wconf 88' lang='lat' dir='ltr'><strong>ergoenricsus</strong></span> <span class='ocrx_word' id='word_1_631' title='bbox 827 4730 912 4786; x_wconf 90' lang='lat' dir='ltr'><strong>lector</strong></span> <span class='ocrx_word' id='word_1_632' title='bbox 925 4744 975 4785; x_wconf 90' lang='lat' dir='ltr'><strong>an·</strong></span> <span class='ocrx_word' id='word_1_633' title='bbox 1025 4730 1141 4788; x_wconf 78' lang='lat' dir='ltr'><strong>siasticm</strong></span> <span class='ocrx_word' id='word_1_634' title='bbox 1160 4745 1193 4787; x_wconf 93' lang='lat' dir='ltr'><strong>ac</strong></span> <span class='ocrx_word' id='word_1_635' title='bbox 1214 4731 1370 4786; x_wconf 76' lang='lat' dir='ltr'><strong>ntonusticae</strong></span> <span class='ocrx_word' id='word_1_636' title='bbox 1384 4730 1559 4787; x_wconf 86' lang='lat' dir='ltr'><strong>mediocriter</strong></span> <span class='ocrx_word' id='word_1_637' title='bbox 1574 4732 1611 4786; x_wconf 86' lang='lat' dir='ltr'><strong>sit</strong></span> <span class='ocrx_word' id='word_1_638' title='bbox 1626 4732 1737 4802; x_wconf 84' lang='lat' dir='ltr'><strong>peritus.</strong></span> <span class='ocrx_word' id='word_1_639' title='bbox 1752 4729 1832 4786; x_wconf 86' lang='lat' dir='ltr'><strong>Pric-</strong></span> 
     </span>
     <span class='ocr_line' id='line_1_50' title="bbox 170 4822 1833 4894; baseline -0.001 -15"><span class='ocrx_word' id='word_1_640' title='bbox 170 4826 326 4882; x_wconf 79' lang='lat' dir='ltr'><strong>notationes</strong></span> <span class='ocrx_word' id='word_1_641' title='bbox 341 4822 737 4894; x_wconf 81' lang='lat' dir='ltr'><strong>uosmssprolisasrernaculo</strong></span> <span class='ocrx_word' id='word_1_642' title='bbox 750 4839 878 4881; x_wconf 77' lang='lat' dir='ltr'><strong>mentone</strong></span> <span class='ocrx_word' id='word_1_643' title='bbox 902 4823 972 4877; x_wconf 88' lang='lat' dir='ltr'><strong>scri·</strong></span> <span class='ocrx_word' id='word_1_644' title='bbox 1024 4840 1082 4882; x_wconf 89' lang='lat' dir='ltr'><strong>rem</strong></span> <span class='ocrx_word' id='word_1_645' title='bbox 1106 4826 1179 4882; x_wconf 84' lang='lat' dir='ltr'><strong>cuim</strong></span> <span class='ocrx_word' id='word_1_646' title='bbox 1204 4825 1326 4881; x_wconf 88' lang='lat' dir='ltr'><strong>codicem</strong></span> <span class='ocrx_word' id='word_1_647' title='bbox 1343 4838 1395 4881; x_wconf 88' lang='lat' dir='ltr'><strong>ms.</strong></span> <span class='ocrx_word' id='word_1_648' title='bbox 1416 4825 1526 4881; x_wconf 87' lang='lat' dir='ltr'><strong>celebre</strong></span> <span class='ocrx_word' id='word_1_649' title='bbox 1547 4827 1740 4881; x_wconf 81' lang='lat' dir='ltr'><strong>monasterium</strong></span> <span class='ocrx_word' id='word_1_650' title='bbox 1761 4822 1833 4878; x_wconf 89' lang='lat' dir='ltr'><strong>anti·</strong></span> 
     </span>
     <span class='ocr_line' id='line_1_51' title="bbox 171 4913 1831 4987; baseline 0.001 -19"><span class='ocrx_word' id='word_1_651' title='bbox 171 4922 232 4984; x_wconf 84' lang='lat' dir='ltr'><strong>ptos</strong></span> <span class='ocrx_word' id='word_1_652' title='bbox 246 4916 273 4973; x_wconf 91' lang='lat' dir='ltr'><strong>in</strong></span> <span class='ocrx_word' id='word_1_653' title='bbox 288 4918 442 4975; x_wconf 77' lang='lat' dir='ltr'><strong>tersionem</strong></span> <span class='ocrx_word' id='word_1_654' title='bbox 458 4914 579 4973; x_wconf 87' lang='lat' dir='ltr'><strong>italicam</strong></span> <span class='ocrx_word' id='word_1_655' title='bbox 596 4933 603 4970; x_wconf 82' lang='lat' dir='ltr'><strong>r</strong></span> <span class='ocrx_word' id='word_1_656' title='bbox 617 4916 729 4971; x_wconf 83' lang='lat' dir='ltr'><strong>stillico</strong></span> <span class='ocrx_word' id='word_1_657' title='bbox 751 4914 831 4972; x_wconf 86' lang='lat' dir='ltr'><strong>iateri</strong></span> <span class='ocrx_word' id='word_1_658' title='bbox 856 4924 972 4986; x_wconf 79' lang='lat' dir='ltr'><strong>cogetur</strong></span> <span class='ocrx_word' id='word_1_659' title='bbox 1026 4932 1087 4987; x_wconf 85' lang='lat' dir='ltr'><strong>quae</strong></span> <span class='ocrx_word' id='word_1_660' title='bbox 1100 4913 1225 4973; x_wconf 77' lang='lat' dir='ltr'><strong>corbeie</strong></span> <span class='ocrx_word' id='word_1_661' title='bbox 1237 4916 1264 4972; x_wconf 88' lang='lat' dir='ltr'><strong>in</strong></span> <span class='ocrx_word' id='word_1_662' title='bbox 1278 4915 1394 4973; x_wconf 81' lang='lat' dir='ltr'><strong>Francia</strong></span> <span class='ocrx_word' id='word_1_663' title='bbox 1409 4918 1528 4974; x_wconf 79' lang='lat' dir='ltr'><strong>servarit</strong></span> <span class='ocrx_word' id='word_1_664' title='bbox 1542 4916 1675 4987; x_wconf 86' lang='lat' dir='ltr'><strong>integrum</strong></span> <span class='ocrx_word' id='word_1_665' title='bbox 1691 4923 1720 4972; x_wconf 92' lang='lat' dir='ltr'><strong>et</strong></span> <span class='ocrx_word' id='word_1_666' title='bbox 1731 4916 1831 4970; x_wconf 86' lang='lat' dir='ltr'><strong>imma·</strong></span> 
     </span>
     <span class='ocr_line' id='line_1_52' title="bbox 94 4989 1832 5080; baseline 0.002 -19"><span class='ocrx_word' id='word_1_667' title='bbox 94 4989 99 5001; x_wconf 58' lang='lat'>⁸</span> <span class='ocrx_word' id='word_1_668' title='bbox 171 5017 305 5063; x_wconf 77' lang='lat' dir='ltr'><strong>suminam</strong></span> <span class='ocrx_word' id='word_1_669' title='bbox 318 5021 381 5065; x_wconf 88' lang='lat' dir='ltr'><strong>esse</strong></span> <span class='ocrx_word' id='word_1_670' title='bbox 390 5010 534 5066; x_wconf 87' lang='lat' dir='ltr'><strong>utilitatem</strong></span> <span class='ocrx_word' id='word_1_671' title='bbox 547 5007 677 5065; x_wconf 86' lang='lat' dir='ltr'><strong>editionis</strong></span> <span class='ocrx_word' id='word_1_672' title='bbox 692 5007 766 5065; x_wconf 85' lang='lat' dir='ltr'><strong>ltalm</strong></span> <span class='ocrx_word' id='word_1_673' title='bbox 779 5022 827 5064; x_wconf 90' lang='lat' dir='ltr'><strong>sen</strong></span> <span class='ocrx_word' id='word_1_674' title='bbox 852 5008 973 5078; x_wconf 85' lang='lat' dir='ltr'><strong>antiquae</strong></span> <span class='ocrx_word' id='word_1_675' title='bbox 1026 5009 1158 5066; x_wconf 81' lang='lat' dir='ltr'><strong>catarum.</strong></span> <span class='ocrx_word' id='word_1_676' title='bbox 1167 5008 1290 5066; x_wconf 81' lang='lat' dir='ltr'><strong>citeron</strong></span> <span class='ocrx_word' id='word_1_677' title='bbox 1298 5010 1470 5080; x_wconf 89' lang='lat' dir='ltr'><strong>superstitem</strong></span> <span class='ocrx_word' id='word_1_678' title='bbox 1481 5008 1560 5066; x_wconf 78' lang='lat' dir='ltr'><strong>uerbis</strong></span> <span class='ocrx_word' id='word_1_679' title='bbox 1569 5008 1663 5065; x_wconf 86' lang='lat' dir='ltr'><strong>tribuit</strong></span> <span class='ocrx_word' id='word_1_680' title='bbox 1672 5008 1832 5065; x_wconf 86' lang='lat' dir='ltr'><strong>monasterii</strong></span> 
     </span>
     <span class='ocr_line' id='line_1_53' title="bbox 170 5093 1832 5171; baseline 0.004 -19"><span class='ocrx_word' id='word_1_681' title='bbox 170 5093 307 5167; x_wconf 76' lang='lat' dir='ltr'><strong>Vulgatae,</strong></span> <span class='ocrx_word' id='word_1_682' title='bbox 318 5097 351 5152; x_wconf 90' lang='lat' dir='ltr'><strong>ad</strong></span> <span class='ocrx_word' id='word_1_683' title='bbox 364 5099 596 5159; x_wconf 78' lang='lat' dir='ltr'><strong>viridicandausab</strong></span> <span class='ocrx_word' id='word_1_684' title='bbox 610 5099 685 5157; x_wconf 85' lang='lat' dir='ltr'><strong>omni</strong></span> <span class='ocrx_word' id='word_1_685' title='bbox 698 5099 794 5168; x_wconf 83' lang='lat' dir='ltr'><strong>inique</strong></span> <span class='ocrx_word' id='word_1_686' title='bbox 816 5099 974 5169; x_wconf 87' lang='lat' dir='ltr'><strong>suspicione</strong></span> <span class='ocrx_word' id='word_1_687' title='bbox 1026 5101 1108 5171; x_wconf 76' lang='lat' dir='ltr'><strong>burins</strong></span> <span class='ocrx_word' id='word_1_688' title='bbox 1120 5103 1208 5159; x_wconf 75' lang='lat' dir='ltr'><strong>satuti</strong></span> <span class='ocrx_word' id='word_1_689' title='bbox 1223 5103 1354 5163; x_wconf 84' lang='lat' dir='ltr'><strong>Germani</strong></span> <span class='ocrx_word' id='word_1_690' title='bbox 1371 5120 1388 5160; x_wconf 89' lang='lat' dir='ltr'><strong>a</strong></span> <span class='ocrx_word' id='word_1_691' title='bbox 1410 5104 1500 5161; x_wconf 83' lang='lat' dir='ltr'><strong>Pratis</strong></span> <span class='ocrx_word' id='word_1_692' title='bbox 1518 5104 1683 5165; x_wconf 73' lang='lat' dir='ltr'><strong>bibliotheca</strong></span> <span class='ocrx_word' id='word_1_693' title='bbox 1703 5105 1832 5160; x_wconf 79' lang='lat' dir='ltr'><strong>vetustis·</strong></span> 
     </span>
     <span class='ocr_line' id='line_1_54' title="bbox 170 5186 1833 5266; baseline 0.003 -19"><span class='ocrx_word' id='word_1_694' title='bbox 170 5188 221 5253; x_wconf 71' lang='lat' dir='ltr'><strong>SS.</strong></span> <span class='ocrx_word' id='word_1_695' title='bbox 239 5189 349 5247; x_wconf 83' lang='lat' dir='ltr'><strong>Patrem</strong></span> <span class='ocrx_word' id='word_1_696' title='bbox 360 5191 439 5249; x_wconf 87' lang='lat' dir='ltr'><strong>illem</strong></span> <span class='ocrx_word' id='word_1_697' title='bbox 450 5195 478 5249; x_wconf 90' lang='lat' dir='ltr'><strong>in</strong></span> <span class='ocrx_word' id='word_1_698' title='bbox 491 5193 639 5252; x_wconf 87' lang='lat' dir='ltr'><strong>recitandis</strong></span> <span class='ocrx_word' id='word_1_699' title='bbox 653 5194 804 5266; x_wconf 81' lang='lat' dir='ltr'><strong>Scripturas</strong></span> <span class='ocrx_word' id='word_1_700' title='bbox 813 5186 972 5252; x_wconf 76' lang='grc' dir='ltr'>ιιιιιιιιιίἰι.</span> <span class='ocrx_word' id='word_1_701' title='bbox 1027 5194 1107 5249; x_wconf 86' lang='lat' dir='ltr'><strong>sima.</strong></span> <span class='ocrx_word' id='word_1_702' title='bbox 1120 5191 1209 5249; x_wconf 75' lang='lat' dir='ltr'><strong>Ambo</strong></span> <span class='ocrx_word' id='word_1_703' title='bbox 1221 5193 1304 5251; x_wconf 87' lang='lat' dir='ltr'><strong>hodic</strong></span> <span class='ocrx_word' id='word_1_704' title='bbox 1314 5195 1494 5254; x_wconf 84' lang='lat' dir='ltr'><strong>adservantur</strong></span> <span class='ocrx_word' id='word_1_705' title='bbox 1504 5194 1533 5254; x_wconf 91' lang='lat' dir='ltr'><strong>in</strong></span> <span class='ocrx_word' id='word_1_706' title='bbox 1543 5196 1641 5253; x_wconf 85' lang='lat' dir='ltr'><strong>eadem</strong></span> <span class='ocrx_word' id='word_1_707' title='bbox 1655 5195 1833 5266; x_wconf 82' lang='lat' dir='ltr'><strong>bibliotheca,</strong></span> 
     </span>
     <span class='ocr_line' id='line_1_55' title="bbox 206 5281 1834 5359; baseline 0.003 -19"><span class='ocrx_word' id='word_1_708' title='bbox 206 5281 267 5341; x_wconf 85' lang='lat' dir='ltr'><strong>lion</strong></span> <span class='ocrx_word' id='word_1_709' title='bbox 280 5283 420 5343; x_wconf 85' lang='lat' dir='ltr'><strong>mediocre</strong></span> <span class='ocrx_word' id='word_1_710' title='bbox 432 5284 504 5340; x_wconf 87' lang='lat' dir='ltr'><strong>istud</strong></span> <span class='ocrx_word' id='word_1_711' title='bbox 526 5287 739 5344; x_wconf 84' lang='lat' dir='ltr'><strong>emolumentum</strong></span> <span class='ocrx_word' id='word_1_712' title='bbox 762 5301 870 5359; x_wconf 84' lang='lat' dir='ltr'><strong>qnoque</strong></span> <span class='ocrx_word' id='word_1_713' title='bbox 890 5286 971 5344; x_wconf 83' lang='lat' dir='ltr'><strong>uobis</strong></span> <span class='ocrx_word' id='word_1_714' title='bbox 1026 5282 1201 5343; x_wconf 75' lang='lat' dir='ltr'><strong>Curbelensis</strong></span> <span class='ocrx_word' id='word_1_715' title='bbox 1214 5287 1265 5342; x_wconf 89' lang='lat' dir='ltr'><strong>sub</strong></span> <span class='ocrx_word' id='word_1_716' title='bbox 1278 5287 1417 5345; x_wconf 81' lang='lat' dir='ltr'><strong>tramarice</strong></span> <span class='ocrx_word' id='word_1_717' title='bbox 1430 5297 1494 5343; x_wconf 87' lang='lat' dir='ltr'><strong>nota</strong></span> <span class='ocrx_word' id='word_1_718' title='bbox 1506 5287 1553 5351; x_wconf 75' lang='lat' dir='ltr'><strong>st.</strong></span> <span class='ocrx_word' id='word_1_719' title='bbox 1570 5287 1834 5346; x_wconf 78' lang='lat' dir='ltr'><strong>sarr-Germanemis</strong></span> 
     </span>
     <span class='ocr_line' id='line_1_56' title="bbox 116 5377 1834 5452; baseline 0.002 -18"><span class='ocrx_word' id='word_1_720' title='bbox 116 5417 118 5421; x_wconf 88' lang='lat'><em>-</em></span> <span class='ocrx_word' id='word_1_721' title='bbox 171 5379 225 5447; x_wconf 85' lang='lat' dir='ltr'><strong>prit</strong></span> <span class='ocrx_word' id='word_1_722' title='bbox 237 5394 272 5436; x_wconf 85' lang='lat' dir='ltr'><strong>cr</strong></span> <span class='ocrx_word' id='word_1_723' title='bbox 287 5377 408 5437; x_wconf 83' lang='lat' dir='ltr'><strong>editions</strong></span> <span class='ocrx_word' id='word_1_724' title='bbox 419 5378 529 5450; x_wconf 86' lang='lat' dir='ltr'><strong>antiqua</strong></span> <span class='ocrx_word' id='word_1_725' title='bbox 541 5378 649 5445; x_wconf 79' lang='lat' dir='ltr'><strong>batim,</strong></span> <span class='ocrx_word' id='word_1_726' title='bbox 661 5380 733 5450; x_wconf 89' lang='lat' dir='ltr'><strong>quod</strong></span> <span class='ocrx_word' id='word_1_727' title='bbox 746 5395 781 5438; x_wconf 86' lang='lat' dir='ltr'><strong>ea</strong></span> <span class='ocrx_word' id='word_1_728' title='bbox 794 5382 922 5452; x_wconf 86' lang='lat' dir='ltr'><strong>capitulis</strong></span> <span class='ocrx_word' id='word_1_729' title='bbox 934 5381 974 5437; x_wconf 91' lang='lat' dir='ltr'><strong>cl·</strong></span> <span class='ocrx_word' id='word_1_730' title='bbox 1027 5387 1117 5433; x_wconf 83' lang='lat' dir='ltr'><strong>autem</strong></span> <span class='ocrx_word' id='word_1_731' title='bbox 1133 5377 1626 5448; x_wconf 81' lang='lat' dir='ltr'><strong>subnumerulii,seddeccdicibcs</strong></span> <span class='ocrx_word' id='word_1_732' title='bbox 1637 5379 1834 5450; x_wconf 86' lang='lat' dir='ltr'><strong>manuscriptis</strong></span> 
     </span>
     <span class='ocr_line' id='line_1_57' title="bbox 172 5469 1172 5542; baseline -0.009 -8"><span class='ocrx_word' id='word_1_733' title='bbox 172 5469 235 5534; x_wconf 83' lang='lat' dir='ltr'><strong>dere</strong></span> <span class='ocrx_word' id='word_1_734' title='bbox 260 5471 446 5542; x_wconf 59' lang='lat' dir='ltr'><strong>praesume</strong></span> <span class='ocrx_word' id='word_1_735' title='bbox 460 5487 494 5530; x_wconf 78' lang='lat' dir='ltr'><strong>ex</strong></span> <span class='ocrx_word' id='word_1_736' title='bbox 508 5470 568 5542; x_wconf 85' lang='lat' dir='ltr'><strong>ipse</strong></span> <span class='ocrx_word' id='word_1_737' title='bbox 586 5480 718 5529; x_wconf 71' lang='lat' dir='ltr'><strong>contem</strong></span> <span class='ocrx_word' id='word_1_738' title='bbox 740 5473 975 5534; x_wconf 85' lang='lat' dir='ltr'><strong>innotescatbdes</strong></span> <span class='ocrx_word' id='word_1_739' title='bbox 1028 5469 1172 5526; x_wconf 84' lang='lat' dir='ltr'><strong>hactenns.</strong></span> 
     </span>
     <span class='ocr_line' id='line_1_58' title="bbox 171 5562 1835 5638; baseline 0.001 -17"><span class='ocrx_word' id='word_1_740' title='bbox 171 5563 411 5626; x_wconf 75' lang='lat' dir='ltr'><strong>veterisbmlesia</strong></span> <span class='ocrx_word' id='word_1_741' title='bbox 425 5564 499 5623; x_wconf 85' lang='lat' dir='ltr'><strong>circs</strong></span> <span class='ocrx_word' id='word_1_742' title='bbox 511 5562 902 5622; x_wconf 64' lang='lat' dir='ltr'><strong>emmerammum.</strong></span> <span class='ocrx_word' id='word_1_743' title='bbox 917 5565 974 5625; x_wconf 80' lang='lat' dir='ltr'><strong>Ne·</strong></span> <span class='ocrx_word' id='word_1_744' title='bbox 1064 5563 1197 5621; x_wconf 71' lang='lat' dir='ltr'><strong>Ceterum</strong></span> <span class='ocrx_word' id='word_1_745' title='bbox 1224 5578 1323 5622; x_wconf 82' lang='lat' dir='ltr'><strong>mcccc</strong></span> <span class='ocrx_word' id='word_1_746' title='bbox 1344 5565 1493 5636; x_wconf 85' lang='lat' dir='ltr'><strong>lecturum,</strong></span> <span class='ocrx_word' id='word_1_747' title='bbox 1508 5583 1554 5626; x_wconf 90' lang='lat' dir='ltr'><strong>mc</strong></span> <span class='ocrx_word' id='word_1_748' title='bbox 1572 5567 1701 5627; x_wconf 81' lang='lat' dir='ltr'><strong>nonnulla</strong></span> <span class='ocrx_word' id='word_1_749' title='bbox 1721 5565 1835 5638; x_wconf 88' lang='lat' dir='ltr'><strong>supple·</strong></span> 
     </span>
     <span class='ocr_line' id='line_1_59' title="bbox 172 5655 1833 5733; baseline 0.004 -22"><span class='ocrx_word' id='word_1_750' title='bbox 172 5669 226 5731; x_wconf 87' lang='lat' dir='ltr'><strong>que</strong></span> <span class='ocrx_word' id='word_1_751' title='bbox 238 5669 304 5714; x_wconf 88' lang='lat' dir='ltr'><strong>tero</strong></span> <span class='ocrx_word' id='word_1_752' title='bbox 316 5655 442 5718; x_wconf 86' lang='lat' dir='ltr'><strong>dubitare</strong></span> <span class='ocrx_word' id='word_1_753' title='bbox 462 5656 503 5717; x_wconf 87' lang='lat' dir='ltr'><strong>tas</strong></span> <span class='ocrx_word' id='word_1_754' title='bbox 514 5667 574 5728; x_wconf 84' lang='lat' dir='ltr'><strong>est,</strong></span> <span class='ocrx_word' id='word_1_755' title='bbox 587 5666 616 5716; x_wconf 88' lang='lat' dir='ltr'><strong>et</strong></span> <span class='ocrx_word' id='word_1_756' title='bbox 628 5671 720 5715; x_wconf 83' lang='lat' dir='ltr'><strong>ueram</strong></span> <span class='ocrx_word' id='word_1_757' title='bbox 733 5657 859 5730; x_wconf 88' lang='lat' dir='ltr'><strong>corperis</strong></span> <span class='ocrx_word' id='word_1_758' title='bbox 872 5658 974 5717; x_wconf 80' lang='lat' dir='ltr'><strong>Christi</strong></span> <span class='ocrx_word' id='word_1_759' title='bbox 1028 5656 1101 5712; x_wconf 89' lang='lat' dir='ltr'><strong>risse</strong></span> <span class='ocrx_word' id='word_1_760' title='bbox 1127 5655 1154 5711; x_wconf 91' lang='lat' dir='ltr'><strong>ia</strong></span> <span class='ocrx_word' id='word_1_761' title='bbox 1176 5655 1297 5728; x_wconf 84' lang='lat' dir='ltr'><strong>murginc</strong></span> <span class='ocrx_word' id='word_1_762' title='bbox 1308 5657 1484 5730; x_wconf 83' lang='lat' dir='ltr'><strong>paginarum,</strong></span> <span class='ocrx_word' id='word_1_763' title='bbox 1498 5676 1560 5733; x_wconf 82' lang='lat' dir='ltr'><strong>que</strong></span> <span class='ocrx_word' id='word_1_764' title='bbox 1574 5661 1617 5720; x_wconf 86' lang='lat' dir='ltr'><strong>uel</strong></span> <span class='ocrx_word' id='word_1_765' title='bbox 1630 5661 1733 5718; x_wconf 86' lang='lat' dir='ltr'><strong>incuria</strong></span> <span class='ocrx_word' id='word_1_766' title='bbox 1748 5659 1833 5717; x_wconf 88' lang='lat' dir='ltr'><strong>libra·</strong></span> 
     </span>
    </p>
   </div>
   <div class='ocr_carea' id='block_1_3' title="bbox 111 5748 1833 5835">
    <p class='ocr_par' dir='ltr' id='par_1_3' title="bbox 111 5748 1833 5835">
     <span class='ocr_line' id='line_1_60' title="bbox 111 5748 1833 5835; baseline -0.003 -11"><span class='ocrx_word' id='word_1_767' title='bbox 111 5819 116 5824; x_wconf 85' lang='lat'>.</span> <span class='ocrx_word' id='word_1_768' title='bbox 170 5748 975 5829; x_wconf 65' lang='grc' dir='ltr'>ιιιιιιιιῑιιιιιιιιιιιιιιιιιιιιιιιιιιιιιωιιιιι</span> <span class='ocrx_word' id='word_1_769' title='bbox 1027 5755 1833 5835; x_wconf 68' lang='grc' dir='ltr'>ιιιιιι,ιιιιιιιιμιιωιιψιιιιωιιιιωιι,ωι</span> 
     </span>
    </p>
   </div>
   <div class='ocr_carea' id='block_1_4' title="bbox 0 0 1923 6144">
    <p class='ocr_par' dir='ltr' id='par_1_4' title="bbox 0 0 1923 6144">
     <span class='ocr_line' id='line_1_61' title="bbox 0 0 1923 6144; baseline 0 0"><span class='ocrx_word' id='word_1_770' title='bbox 0 0 1923 6144; x_wconf 95' lang='lat' dir='ltr'><strong> </strong></span> 
     </span>
    </p>
   </div>
  </div>
 </body>
</html>
