3810 6144
129 256 185 315 953
718 259 764 317 bl:
784 256 971 317 thlhllhle
991 256 1191 317 cdblesslo.
1726 264 1781 323 954

126 374 275 435 secedere.
289 374 344 432 Sed
363 376 501 433 concessit
516 374 582 431 mihi
598 374 729 431 Dominus
740 372 808 432 hane
823 375 926 447 episto-
937 372 965 435 Α
978 372 1340 439 necessitate,seriberenon
1353 373 1442 445 potui.
1457 372 1494 429 lta
1506 372 1534 429 in
1548 372 1598 431 hac
1609 387 1657 431 ros
1668 387 1778 445 omues,

125 469 183 529 lam
198 485 247 542 per
260 469 452 525 charissimum
473 477 598 525 rrostrnm
612 468 645 523 ad
660 483 708 525 uos
724 467 821 541 Syrum
835 469 927 525 diaeo-
977 466 1086 533 iratres,
1102 466 1150 523 sed
1164 475 1192 522 et
1210 474 1312 523 sancte
1334 480 1456 534 sorores,
1472 464 1521 521 hlti
1537 475 1565 523 et
1578 466 1653 535 hliaa,
1668 482 1777 525 omnem

126 578 194 619 nom
218 564 339 629 intinere,
360 578 442 635 quem
469 563 497 620 in
518 572 652 635 potestate
677 562 802 618 mittendi
827 562 924 629 habni;
977 574 1072 616 sextum
1094 560 1216 631 appello,
1240 574 1350 616 omanem
1376 570 1485 615 aetatem
1502 569 1575 630 peto,
1601 560 1779 618 utbaccon·

126 660 191 733 quia
213 659 382 731 prouidentia
405 659 512 716 Domini
532 659 618 715 anistri
637 675 671 715 eo
692 670 816 729 teneriore
838 659 871 713 ad
886 660 928 714 ri·
978 658 1045 711 tetuli
1059 654 1235 719 salutatione,
1251 667 1349 710 nostro
1362 653 1504 724 obsequio,
1518 655 1601 710 etiam
1615 652 1668 711 bns
1679 655 1727 726 qui
1740 656 1780 711 lo-

127 752 217 811 Dentla
231 755 290 811 loca
304 765 398 810 sancta
412 763 579 822 accesserat,
594 764 622 811 et
634 769 695 811 cnm
713 753 823 811 caeteris
836 752 926 810 iratrl·
977 748 1017 805 ris
1029 759 1102 813 strat,
1116 758 1145 804 et
1159 761 1209 803 nos
1222 747 1370 819 dignantur
1389 747 1517 819 diligere,
1539 746 1662 804 salutare
1684 748 1780 820 digne-

126 846 316 905 husinncntus
329 864 383 903 uon
397 856 449 904 est.
976 843 1053 897 mini.
1070 842 1196 898 Salrrtant
1210 855 1259 897 ros
1272 839 1371 896 iratres
1393 842 1481 897 nostri
1503 841 1549 913 quui
1569 856 1677 899 mectrm
1702 849 1778 911 suot,

96 950 101 957 “
164 940 199 998 1.
219 942 355 999 coeterum
371 944 416 999 rix
428 941 500 1000 hanc
512 942 659 1014 epistolam
673 944 927 1017 quomodocumque
975 936 1129 1009 presbyteri
1157 945 1185 991 et
1199 936 1341 999 diacones,
1365 934 1414 990 scd
1439 944 1467 990 et
1487 949 1584 989 otrrncs
1603 934 1691 990 nostri
1709 951 1716 988 :
1731 936 1776 1006 ptri

126 1036 355 1106 conscripsimus,
371 1036 454 1091 Deum
469 1050 580 1106 semper
598 1036 778 1106 postulantes,
795 1044 824 1092 ut
836 1046 928 1092 crato-
977 1045 1030 1087 una
1045 1044 1150 1086 erectum
1164 1029 1231 1085 satis
1244 1037 1349 1097 petutrt,
1366 1038 1395 1085 ut
1409 1028 1495 1084 nostri
1509 1041 1656 1091 memores,
1676 1043 1777 1085 onustes

125 1124 176 1185 ties
191 1128 219 1183 iu
241 1128 324 1183 botas
336 1128 497 1195 refrenaret,
522 1138 549 1184 et
572 1128 746 1193 carracederet,
767 1144 802 1185 rue
825 1130 859 1184 ad
877 1143 926 1186 ros
975 1134 1082 1181 uestros
1101 1132 1196 1181 nostro
1211 1123 1360 1195 dignetniui
1373 1122 1506 1193 obserptin
1525 1124 1655 1179 saltitare.
1670 1122 1775 1179 Trans·

124 1220 259 1279 diaconus
280 1222 404 1278 truntinm
419 1223 507 1293 magis
522 1222 625 1279 laboris
646 1223 743 1292 nostri,
758 1238 839 1292 speram
860 1240 927 1295 qua·
977 1218 1038 1273 misi
1050 1230 1182 1289 praeterea
1207 1217 1325 1283 litteras,
1341 1232 1409 1289 quas
1422 1216 1457 1272 ad
1473 1216 1659 1287 Patrophilum
1684 1227 1778 1274 eusto-

122 1312 285 1385 iettcuteqne
306 1315 480 1371 salutationis
494 1315 599 1371 litteras
614 1314 707 1372 ierret.
722 1316 837 1387 Propter
853 1316 926 1387 pirou
976 1311 1038 1367 dent
1050 1326 1141 1367 meum
1158 1309 1221 1377 leci,
1237 1319 1310 1365 ntes
1326 1310 1369 1366 bis
1379 1310 1546 1381 aguttscatis,
1559 1324 1609 1365 nos
1621 1308 1778 1366 Ariomani-

122 1408 193 1465 satis
208 1422 258 1464 ros
281 1416 355 1479 peto,
378 1419 408 1463 ut
429 1423 490 1465 eum
513 1410 587 1464 ororii
609 1409 750 1481 uigilantia
765 1411 927 1466 custodiatis
977 1414 1066 1462 larem
1083 1420 1134 1461 uec
1146 1404 1227 1460 mistis
1242 1418 1322 1473 posse
1337 1404 1445 1469 terreri,
1461 1418 1549 1474 neque
1564 1403 1688 1475 ipsorum
1714 1419 1776 1461 scr-

123 1500 219 1568 ddem,
240 1505 359 1558 servetis
377 1503 564 1571 concordirer,
589 1504 761 1561 orationibus
785 1506 924 1563 irscnmon·
977 1498 1087 1569 peritius
1103 1497 1201 1552 titanios
1214 1497 1365 1552 subtilitate
1381 1494 1507 1567 possead
1522 1496 1643 1567 ipsorum
1657 1496 1777 1553 societa-

124 1594 173 1663 tis,
185 1595 273 1651 nostri
286 1610 424 1654 nlettloles
440 1598 501 1653 sirie
520 1596 722 1655 intermissione
741 1599 803 1655 sitis
818 1618 825 1656 :
839 1612 868 1655 ιιι
884 1600 927 1656 di·
977 1601 1031 1649 tem
1053 1592 1177 1664 perduci.
1207 1591 1338 1648 Divinitas
1366 1605 1414 1647 ros
1436 1602 1574 1663 protegat,
1594 1592 1778 1666 herculesque

121 1698 223 1759 ructor
235 1687 367 1745 Domitius
380 1689 529 1746 Ecclesiam
544 1706 620 1745 sirano
635 1690 754 1747 liberare
768 1708 829 1761 «pune
841 1708 924 1764 super
976 1686 1070 1742 risere
1085 1696 1113 1741 et
1128 1684 1172 1741 nto
1191 1693 1220 1740 et
1235 1688 1263 1740 bt
1292 1687 1383 1741 toarno
1396 1684 1480 1740 iaciat
1496 1700 1559 1740 eum
1573 1686 1702 1743 attruibuit
1714 1700 1777 1743 res·

122 1779 281 1837 universum
292 1782 388 1837 orbem
403 1781 521 1851 laborat,
533 1790 602 1839 ctut
612 1797 663 1838 nos
675 1784 721 1853 nui
733 1784 923 1855 deprimimur,
939 1766 963 1830 B
978 1778 1038 1846 tris,
1055 1776 1154 1834 iratres
1169 1778 1322 1834 charissimi
1334 1784 1362 1833 et
1374 1777 1442 1833 sartis
1457 1776 1696 1834 desideratissimi.

122 1873 262 1947 possimus
277 1876 419 1931 nobiseum
435 1877 542 1934 liberati
557 1878 675 1950 garrdcre
691 1880 777 1951 :qrrod
793 1890 925 1951 praestate
1256 1872 1425 1931 betsabee
1446 1873 1491 1929 tlt.

121 1964 281 2038 dignabitur
303 1968 447 2033 Dominus,
472 1970 626 2041 petentibus
652 1972 738 2040 robis,
761 1990 808 2043 per
831 1974 923 2031 Demi·
1103 1984 1303 2027 sooueeomort
1323 1983 1469 2025 serscorutr
1487 1982 1654 2024 setseussrs.

120 2072 188 2115 num
203 2071 326 2116 nostrum
342 2060 436 2117 lesum
450 2061 589 2119 Christum
600 2067 644 2136 spui
659 2074 803 2123 estsecum
816 2076 829 2104 ²
842 2067 924 2125 bene·
977 2064 1131 2121 Grutrdotur
1148 2062 1275 2117 Eusebius
1288 2060 1414 2134 Greporio
1427 2060 1498 2131 qood
1516 2062 1652 2116 restitisset
1674 2060 1737 2116 Orio
1753 2072 1778 2119 et
1808 2082 1819 2103 ·=

118 2151 214 2303 glenus
237 2168 253 2209 a
282 2156 390 2212 suculis
413 2166 442 2212 ct
465 2157 493 2213 in
517 2157 609 2214 orrtnia
629 2160 728 2215 saecula
749 2161 923 2231 sacrariorum,
1012 2157 1132 2227 plurimis
1145 2154 1294 2210 rudentibus
1307 2152 1425 2210 Arimino
1435 2154 1462 2209 in
1474 2153 1709 2210 corrtsnrsoieutiotte
1723 2151 1777 2209 i'u·

146 2262 222 2305 meu.
1011 2252 1086 2307 ieritis
1101 2261 1124 2304 et
1140 2248 1253 2305 Ursocir'.

156 2338 204 2395 ltl.
223 2339 326 2399 lterum
348 2353 421 2415 peto,
437 2357 466 2401 et
485 2362 534 2403 rus
553 2364 602 2419 per
628 2350 846 2408 misericordium
871 2352 919 2408 Dei
973 2365 1054 2431 (lianc
1066 2360 1398 2423 epistolaris-ideadtomum
1411 2360 1689 2475 linostruel’atroloptae
1711 2366 1777 2415 teter

118 2448 200 2507 rogo,
214 2444 246 2489 ut
260 2437 445 2509 unrrsqrrisque
464 2439 490 2495 iu
515 2440 565 2497 hac
584 2444 700 2513 epistola
724 2449 919 2506 salutationem
1004 2427 1206 2502 ⁰¹l⁰ffl¹¹i²i¹f⁵⁰²
1219 2426 1245 2475 ⁸·
1260 2424 1360 2497 ³³¹³be
1373 2423 1473 2487 Fragor.
1498 2440 1539 2499 ¹¹³
1564 2424 1611 2499 ⁰⁰3·
1654 2400 1697 2477 ¹³}
1711 2424 1775 2477 Μ’

1004 2499 1078 2541 eltatn
1103 2488 1222 2549 hptstoias
1250 2487 1342 2536 Liberti
1370 2486 1489 2601 paffissad
1510 2487 1662 2551 hassiorum,
1684 2487 1775 2539 Paitoi.

90 2566 96 2571 -
117 2542 197 2585 snam
214 2538 371 2602 aurreupet;
386 2533 451 2605 quia
465 2533 590 2606 singulis,
604 2547 633 2593 ut
653 2539 786 2608 solebam,
802 2542 920 2601 iacierne
1005 2560 1062 2604 tom
1077 2552 1145 2615 t'lll,
1157 2550 1214 2602 coll.
1226 2550 1296 2615 ¹550,
1311 2549 1380 2612 labb,
1458 2555 1485 2615 ,ι

157 2725 171 2755 ⁸
183 2718 264 2775 Deest
280 2720 339 2777 hee
353 2736 404 2779 tos
419 2724 490 2795 apud
504 2726 664 2797 Baroninnr,
676 2745 756 2800 aarum
769 2738 860 2787 tamen
871 2731 972 2789 hahent
984 2730 1030 2788 ahi
1043 2730 1121 2787 etiiti.

539 2909 899 3062 SANCTI
947 2915 1345 3063 EUSEBH

563 3095 860 3160 vsshchttttllSls
875 3098 1049 3163 eelscoel
1063 3099 1115 3159 ET
1126 3095 1335 3159 hnhllltls

353 3209 475 3340 DE
517 3217 973 3343 'lhlhl'lh'lb
1020 3210 1529 3350 CONFESSIO

637 3402 676 3457 En
711 3418 857 3460 nnseoorts
875 3418 967 3461 steuts
981 3402 1097 3459 Enormi
1110 3418 1145 3457 aa
1159 3401 1252 3457 Lsrts.

754 3528 1114 3569 =...-—-.==

831 3596 1107 3717 nronrennr.

158 3751 300 3825 Postquam
321 3756 482 3827 prelationis
504 3756 578 3811 initio
592 3767 716 3828 susceptae
735 3773 750 3811 u
770 3774 796 3812 se
812 3758 1006 3812 duecdotorsnn
1021 3756 1176 3828 palpationis
1195 3771 1254 3810 curn
1274 3752 1434 3809 occursionem
1454 3762 1508 3805 tunt
1522 3748 1658 3803 utilitatem
1673 3762 1771 3802 oterrm-

118 3844 187 3897 rtrtil
197 3884 205 3909 ,
220 3846 257 3900 sic
271 3847 683 3918 propreditureireruditlasiotos
697 3848 729 3902 de
741 3845 817 3903 Leuis
838 3864 847 3902 :
866 3848 1017 3917 Exordiar‚
1034 3848 1068 3903 tle
1083 3848 1112 3903 S.
1140 3846 1260 3903 Eusebio
1281 3843 1450 3902 len-cettenst
1475 3842 1607 3915 episcopo
1624 3839 1704 3910 isttjus
1725 3852 1776 3894 no·

120 3937 203 3995 Drinio
217 3941 304 4009 pritno
326 3942 456 4013 (blalleus
472 3940 636 3997 Asianorum
653 3942 820 4013 appellatus)
835 3943 1024 4012 consessionem
1038 3943 1100 4013 fidei
1121 3942 1244 3997 aduersus
1268 3940 1380 3995 Art'uoos
1402 3939 1454 3994 luci
1475 3934 1656 3992 trrarttlandam
1673 3932 1772 3995 statui,

118 4044 200 4101 qnam
214 4030 276 4088 lidci
285 4031 427 4088 iorrntrlam
440 4034 527 4089 trilnrs
540 4036 566 4088 iu
577 4033 647 4088 loliis
662 4034 877 4091 merrnhrauaceis
890 4034 1090 4105 pcrtinentibus
1109 4034 1165 4106 jaus
1177 4034 1210 4088 ad
1226 4034 1382 4104 perinsigne
1396 4030 1592 4086 rrrorrastcriunt
1606 4029 1770 4083 Sanctorum

120 4122 274 4193 ilicitaelis,
295 4136 323 4183 et
334 4126 453 4184 iuranturii
469 4130 595 4200 turartyris
611 4130 644 4184 de
659 4129 777 4187 Lttcedio
788 4133 888 4199 reperi,
902 4140 929 4185 cl
939 4130 1055 4186 exscribi
1071 4131 1174 4184 curtari.
1191 4130 1268 4200 Quod
1284 4128 1479 4183 truturasterinur
1496 4124 1637 4180 eonditnru
1653 4121 1704 4176 init
1718 4136 1775 4176 sse·

120 4216 185 4274 culo
204 4220 338 4289 septimo,
359 4231 387 4277 ut
412 4238 463 4278 suo
480 4224 539 4278 loco
568 4222 662 4278 uidere
676 4234 734 4285 est,
755 4231 783 4277 et
807 4224 857 4279 suh
877 4221 990 4293 speciali
1012 4224 1095 4277 tutela
1117 4222 1308 4293 cpiscoporum
1335 4220 1560 4274 bercellenshnn.
1585 4217 1659 4283 eros
1683 4219 1776 4267 anilem

120 4311 302 4370 vercellensis
323 4316 452 4372 Ecclesiae
473 4318 503 4373 S.
526 4317 661 4373 :nniehes
682 4318 782 4371 saeculo
802 4316 893 4371 lorsan
910 4325 1006 4371 octauo
1020 4317 1139 4387 regiruen
1156 4315 1235 4384 lartius
1249 4314 1407 4368 rurorrastcrii
1424 4310 1618 4379 snrrnrpsissc,et
1629 4304 1775 4361 retinuisse

120 4424 207 4481 usattc
227 4410 259 4465 sud
286 4412 315 4466 8.
332 4412 491 4467 Βιιιιοιιιίιιιιι
512 4412 565 4466 uita
588 4411 708 4466 ittttclunt
731 4410 817 4477 lustr,
834 4427 861 4465 tn
876 4410 931 4466 karl.
953 4411 1129 4481 Septembris.
1151 4408 1249 4463 Verum
1271 4406 1381 4476 attidem
1407 4414 1466 4467 est,
1487 4401 1557 4469 rpttod
1582 4414 1678 4462 trenaro,
1695 4414 1775 4469 quaem

119 4505 204 4561 eciam
220 4519 254 4558 ex
279 4505 477 4560 recentioribus
500 4506 561 4560 intric
585 4513 680 4560 sannto
704 4504 871 4560 i'crcellcnsi
888 4503 1145 4576 epi-cupoEnsehin
1161 4501 1298 4572 inscripsit
1317 4500 1395 4553 aliam
1418 4497 1617 4553 curulessionem
1645 4494 1774 4550 adsersus

120 4602 252 4667 brianus,
271 4620 351 4672 utram
378 4603 452 4658 illam
479 4602 626 4673 attigeriter
650 4602 812 4672 appellatam
834 4600 987 4673 Spuriobsm
1007 4600 1176 4669 puniceosque,
1198 4596 1232 4651 de
1260 4610 1313 4665 spuo
1342 4594 1464 4649 scribunt
1489 4591 1607 4647 ioarrnes
1619 4589 1775 4659 Stephanus

119 4694 262 4754 Ferrarius
275 4698 457 4755 vercellensis
470 4697 588 4761 l‘rarsul,
606 4697 634 4751 Ρ.
648 4694 810 4760 Corhellini,
825 4694 932 4749 llarcus
942 4691 1070 4747 borrellus
1085 4691 1222 4758 (husones,
1237 4689 1346 4758 alilnne.
1359 4686 1412 4745 Sed
1425 4687 1447 4743 si
1463 4695 1565 4741 attente
1578 4682 1770 4755 perpendimus

118 4791 215 4867 qtrauS.
225 4794 320 4850 doctor
332 4793 442 4864 scripsit
454 4808 515 4848 ettru
530 4794 560 4851 S.
574 4794 723 4850 :ltltanasio
744 4794 777 4847 ad
799 4791 1001 4855 antiochenos,
1015 4805 1068 4843 narn
1084 4802 1228 4858 possumus
1250 4787 1311 4841 huic
1324 4785 1444 4856 ‹sprinioni
1462 4796 1624 4840 comensem
1646 4780 1768 4851 prebere

118 4888 242 4959 adeoque
258 4887 410 4958 Spartholurn
421 4889 571 4959 quietamque
583 4887 728 4941 eorriiahnn
745 4885 943 4956 posterioribus
956 4884 1063 4940 suculis
1074 4883 1246 4952 judicandum
1258 4883 1395 4938 dttxernnt
1406 4876 1643 4950 prrrnuhbqnlhns
1654 4876 1771 4931 libenter

117 4980 293 5037 assentimus.
307 4980 380 5052 Opus
392 4980 423 5036 de
437 4981 541 5037 Urritute
554 4979 689 5036 Trinitatis
709 4977 850 5047 scripsisse
863 4976 893 5033 S.
911 4976 1057 5031 Ettsehium
1069 4975 1151 5031 tradit
1164 4977 1287 5031 lsrttdatns
1298 4977 1443 5044 episcopus
1460 4969 1602 5027 Fcrreeius
1618 4968 1670 5024 ttdc
1686 4968 1768 5023 nutrius

118 5072 227 5132 Codicis
240 5077 266 5131 in
277 5076 404 5132 l'aticann
417 5075 582 5130 liihliotheca
597 5070 758 5137 existentis,
774 5087 854 5142 quaem
869 5068 991 5141 seqnitur
1003 5068 1171 5141 llyncinthus
1184 5068 1283 5124 Galizin
1301 5066 1360 5120 l'itc
1375 5066 1414 5119 dc'
1428 5065 1515 5123 Sutrti.
1533 5075 1599 5120 turn.
1611 5064 1631 5131 l,
1648 5082 1674 5134 p.
1706 5063 1771 5128 tlt,

117 5170 240 5227 scribens
256 5171 396 5239 ercrnplar
412 5169 490 5240 lustjus
509 5166 599 5236 operis
615 5167 641 5221 iu
667 5164 836 5221 Bibliotheca
854 5163 906 5217 PP.
929 5162 1047 5218 Oratoril
1069 5160 1099 5216 S.
1122 5159 1238 5230 Philippi
1264 5157 1337 5213 h'crii
1358 5156 1467 5211 Taruini
1481 5156 1616 5212 assertari
1644 5170 1676 5211 es
1699 5154 1772 5210 dorso

117 5262 226 5319 abbatis
241 5261 376 5317 Laut-errtii
390 5259 565 5325 Scintillam}
579 5258 720 5327 ereurprlar
734 5256 787 5311 ridi
802 5271 873 5311 anno
887 5254 970 5323 aloa,
982 5270 1015 5308 ex
1031 5268 1084 5322 ntro
1096 5252 1168 5306 alind
1183 5251 1367 5307 transcribere
1383 5249 1625 5317 summouentium
1638 5248 1775 5316 exscripto

117 5356 201 5413 didici
218 5357 300 5413 aliurn
321 5357 420 5412 librum
434 5352 621 5424 scripsissetis
636 5353 734 5423 optineo
748 5366 840 5425 penore
850 5347 1038 5420 interpretandi
1051 5362 1150 5400 suerunt
1162 5344 1327 5413 scripturum
1341 5360 1423 5415 super
1437 5344 1484 5398 illa
1498 5342 1590 5398 uerba:
1603 5341 1643 5395 Ex
1654 5339 1773 5411 AEppnlo

118 5452 207 5507 eoeooi
224 5451 308 5521 filium
319 5466 415 5516 meuses,
431 5455 459 5501 ut
476 5448 502 5501 in
520 5448 573 5500 Dae
593 5445 685 5502 libris
702 5444 800 5517 legitur
817 5454 877 5515 post
899 5441 1095 5514 professionem
1110 5442 1283 5495 brianorum.
1299 5438 1438 5496 Consultis
1464 5449 1553 5492 tamen
1569 5436 1644 5491 hisce
1659 5436 1778 5506 spuirnque

118 5544 218 5611 libris,
244 5560 292 5600 sco
315 5558 398 5613 opere
413 5541 448 5597 de
464 5540 574 5597 Unitate
594 5538 734 5594 'iristitatis
754 5554 815 5595 enm
836 5537 966 5609 operibus
981 5535 1013 5591 S.
1036 5535 1180 5592 htltarrasii
1195 5535 1283 5606 reperi
1306 5535 1356 5591 llos
1379 5534 1535 5599 libros,sr·u
1558 5548 1626 5601 optus
1644 5530 1774 5585 Fanrrstino

119 5639 282 5713 presbytero
295 5634 472 5698 attrihntrnn,
492 5631 543 5688 etsi
563 5630 672 5686 diverso
684 5632 780 5687 ordine
803 5646 883 5702 qllattr
906 5629 1026 5687 ineditis
1041 5630 1215 5686 distributum
1232 5628 1278 5682 sit.
1293 5628 1482 5683 l‘erscrntotns
1500 5627 1581 5682 etiam
1597 5626 1633 5680 tul
1656 5625 1773 5680 araxittra

119 5748 182 5791 enm
198 5729 339 5803 diligentia
355 5730 377 5785 si
389 5742 450 5798 orate
462 5727 488 5782 in
504 5726 556 5780 hoc
569 5740 653 5795 opere
664 5724 807 5789 adessent,
821 5739 880 5794 quae
897 5722 977 5779 uobis
989 5730 1094 5778 certum
1106 5731 1244 5777 auctorem
1258 5719 1429 5786 indicarent,
1440 5727 1467 5775 et
1483 5719 1601 5774 aruritae
1616 5716 1642 5772 in
1658 5715 1776 5786 epistola

120 5804 252 5897 inposta.
262 5814 397 5881 enectine
409 5812 484 5881 detti
498 5832 549 5891 quau
561 5830 631 5885 opus
642 5830 719 5873 suurn
733 5813 852 5881 diatriba
865 5812 933 5870 rrilril
949 5820 1041 5873 arden
1053 5813 1165 5873 insternit
1179 5811 1395 5871 insternentes
1403 5808 1660 5881 plumbessmees
1670 5836 1683 5867 s
1695 5804 1811 5863 essem
