3810 6144
104 364 110 373 ·
135 367 188 433 sur
407 362 544 422 euseuu
562 361 731 435 venusti·
753 360 980 431 tltuoeuutt
997 360 1072 425 suu
1093 359 1207 425 uanus
1222 358 1303 425 oue.
1322 333 1519 422 corennum
1737 356 1793 419 sus

338 474 745 546 eunsxuenemreusts.
1207 476 1328 537 eones
1348 448 1575 535 senonensis.

140 592 187 704 l·
210 617 216 630 ·
240 572 509 713 1111111»...
560 569 894 698 1111111191·
990 571 1210 701 lll‘lltlla
1407 568 1676 713 illinitum

140 718 158 776 d
180 758 186 772 .
210 763 217 776 .
238 735 262 773 m
276 727 318 785 est
332 714 404 787 suuis.
561 713 715 781 rarrgelium
992 715 1112 771 nondrrm
1126 723 1170 770 est
1179 713 1252 771 linis.
1409 724 1452 769 tur
1466 713 1517 769 bue
1532 713 1621 768 livan-

141 791 169 846 'l.
190 788 233 844 Ex
255 828 292 843 ..
327 785 454 859 retenire
562 783 758 855 regniinnui·
991 786 1018 841 'l.
1038 785 1244 855 insurgeremus
1408 783 1599 857 geliuunreqni

141 876 175 932 κε
195 901 202 914 .
225 901 232 914 .
255 900 262 914 .
283 803 380 931 ediver-
561 869 642 911 verso
656 855 734 913 orbe.
989 872 1057 929 qens
1073 869 1169 912 eontra
1409 859 1436 912 in
1452 856 1579 910 uniuerso

141 946 188 988 sus
210 971 217 986 .
239 973 247 987 .
267 943 376 997 entem,
562 924 591 981 in
606 928 728 982 testimo·
990 939 1112 1002 pentem,
1408 928 1476 983 orbe
1490 937 1575 981 terru-

142 1013 180 1060 et.
204 1045 210 1058 .
234 1041 241 1056 .
265 1043 272 1057 .
293 1016 358 1059 uum
561 995 607 1052 nio
621 997 748 1058 omnibus
990 1012 1018 1056 et
1031 1013 1144 1071 regnum
1409 1015 1481 1064 rum,
1498 998 1524 1052 in
1543 995 1618 1052 testi·

141 1082 237 1132 eontra
252 1087 314 1144 reg·
559 1068 686 1141 pentibus
702 1087 709 1122 τ
725 1080 754 1131 et
990 1081 1086 1128 eontra
1106 1084 1231 1142 regnum,
1411 1071 1531 1127 monium
1545 1084 1605 1123 ‹rm-

141 1160 219 1208 uum.
234 1154 262 1198 et
276 1149 358 1201 eruut
560 1149 625 1195 tune
640 1139 732 1198 veniet
991 1151 1020 1199 et
1031 1150 1112 1198 erunt
1126 1141 1166 1214 (u)
1413 1142 1493 1197 nibus
1508 1140 1653 1211 gentihus:

142 1214 183 1291 (a)
203 1215 299 1281 lames,
314 1223 341 1270 et
354 1221 409 1286 tep-
559 1225 737 1266 consumma·
990 1212 1088 1279 fames,
1102 1223 1131 1268 et
1413 1222 1441 1270 el
1455 1223 1518 1267 tune
1534 1227 1581 1267 re-

142 1303 190 1343 rae
204 1296 292 1342 motus
560 1283 673 1338 ilitio.
694 1280 763 1345 Cum
846 1291 857 1307 ⁴
992 1293 1156 1341 terremotus
1209 1333 1212 1338 .
1414 1285 1471 1340 niet
1483 1297 1610 1338 eotrsum-

144 1360 171 1416 8.
194 1373 243 1429 per
256 1357 314 1412 luea
326 1371 385 1414 orn·
560 1353 738 1423 erqoviuen-
991 1371 1041 1427 per
1053 1356 1112 1411 luea
1413 1356 1507 1411 matio.

142 1433 199 1486 nia.
216 1428 290 1484 llaec
304 1427 358 1483 ini·
563 1423 597 1479 tis
610 1423 769 1481 ablromina·
992 1428 1021 1484 8.
1035 1426 1138 1482 omnia.
1154 1424 1228 1481 liaeo
1414 1425 1459 1482 lli.
1479 1426 1548 1482 Cum
1558 1439 1625 1497 erqo

144 1502 181 1558 tia
197 1499 320 1569 sutitdn·
564 1495 665 1551 tionem
680 1494 727 1552 de·
992 1497 1067 1555 initia
1084 1507 1148 1559 stunt
1411 1497 1535 1553 videritis

143 1572 244 1629 lorum.
563 1566 717 1636 solutionis,
993 1568 1131 1624 dolorum.
1413 1568 1645 1626 abominationem

144 1644 172 1699 9.
193 1642 270 1697 Turne
284 1640 394 1711 trudent
565 1635 604 1709 (1)
616 1637 689 1708 quod
703 1639 804 1711 dietum
993 1640 1021 1697 9.
1039 1639 1115 1696 Tune
1129 1638 1237 1701 intitul
1412 1640 1602 1706 desolationis,

144 1729 195 1769 uos
212 1714 238 1769 iu
253 1711 338 1767 tribu-
562 1716 605 1763 est
619 1724 634 1762 a
648 1708 742 1766 Daniel
994 1725 1044 1766 uos
1058 1711 1084 1766 in
1100 1712 1186 1769 trilu-
1414 1710 1453 1783 (l)
1464 1710 1535 1781 quud
1550 1710 1652 1771 dietum

145 1785 259 1851 latione,
272 1793 299 1838 et
316 1798 363 1839 oe·
564 1779 707 1847 promtam,
722 1794 796 1839 stau·
997 1781 1136 1848 lationem,
1415 1794 1457 1839 est
1471 1797 1485 1835 a
1499 1781 1592 1837 Dariiel

146 1856 236 1912 uident
249 1869 297 1910 uos
315 1872 321 1908 r
566 1856 620 1905 tem
634 1848 655 1921 †
669 1853 695 1905 in
710 1853 772 1909 loco
997 1861 1027 1909 et
1036 1853 1164 1909 occident
1414 1853 1558 1926 propbeta,
1572 1863 1648 1913 stans
1662 1851 1683 1923 †

147 1926 266 1982 eteritis
280 1923 344 1982 odio
565 1931 670 1989 saneto,
686 1925 731 1993 qui
747 1926 787 1981 le·
996 1939 1064 1980 uos:
1080 1924 1197 1981 eteritis
1417 1927 1443 1979 in
1459 1925 1519 1980 loeo
1530 1939 1595 1980 san·

146 1997 273 2053 omnibns
285 2011 351 2067 qen.
583 1993 602 2046 it
615 1993 774 2066 intellegat:
995 1996 1059 2052 odio
1075 1994 1202 2055 omuibus
1416 2004 1471 2058 eto.
1488 1996 1535 2064 qui
1549 1995 1615 2066 legit

101 2130 105 2137 ,
147 2070 221 2124 tibus
237 2075 349 2138 propter
563 2006 611 2120 16.
632 2071 696 2121 tune
709 2067 753 2136 qui
766 2068 793 2126 in
806 2068 907 2131 tudae-
996 2068 1199 2138 qenttbnspro-
1417 2066 1571 2137 intellegat:

147 2155 247 2195 numen
260 2153 318 2193 me·
565 2149 581 2189 a
598 2143 670 2202 sunt,
685 2135 755 2209 lugi·
996 2148 1059 2211 pter
1068 2152 1166 2197 unomen
1418 2139 1462 2194 lli.
1479 2148 1543 2194 tune
1557 2136 1643 2210 quiin
1657 2135 1704 2195 lu·
1719 2150 1720 2155 ’

148 2210 192 2268 lt).
214 2224 269 2265 um.
287 2208 320 2277 91
331 2218 396 2275 pune
566 2215 614 2259 ant
627 2207 653 2260 in
669 2222 746 2264 mon·
998 2224 1099 2265 meum.
1417 2208 1484 2265 daea
1499 2218 1573 2275 aunt.
1588 2208 1694 2280 lugiunt

148 2280 318 2338 searrdaliza-
446 2290 448 2295 ’
566 2276 610 2330 17.
631 2277 702 2344 tillus
715 2298 722 2335 t
737 2290 764 2357 ep
778 2284 824 2357 qui
998 2281 1042 2339 19.
1060 2279 1095 2335 91
1107 2288 1170 2335 tunt·
1183 2292 1263 2342 soap-
1418 2281 1463 2335 17.
1477 2280 1504 2335 in
1518 2281 1675 2343 monitibus:
1691 2285 1720 2335 et

147 2353 249 2409 buntur
263 2351 333 2406 mul·
565 2347 592 2403 in
609 2355 690 2418 teoto,
707 2366 760 2418 unp
996 2351 1187 2409 dalizabuutur
1417 2351 1463 2422 qui
1475 2352 1501 2406 in
1513 2360 1585 2408 teeto

147 2425 179 2490 ti,
195 2431 223 2479 et
235 2421 355 2485 inuicem
477 2415 484 2429 “
565 2416 715 2478 descendat
973 2446 976 2452 ·
997 2423 1088 2490 multi,
1102 2433 1130 2478 et
1141 2422 1184 2482 in·
1418 2423 1622 2479 nondiscendat

147 2494 298 2557 setrodent
320 2499 350 2551 el
564 2490 776 2566 tollerealiquid
997 2493 1083 2550 ricem
1101 2491 1218 2559 tradent,
1417 2494 1514 2550 tollere
1526 2492 1628 2564 aliquid

146 2566 253 2622 odiose
267 2534 352 2625 haite-
564 2561 610 2643 18.
624 2559 661 2644 de
679 2562 761 2631 domo
773 2587 780 2622 :
791 2577 822 2629 et
997 2573 1026 2622 et
1035 2566 1099 2620 odio
1115 2565 1163 2621 lra-
1418 2565 1564 2620 dedomo:

148 2636 356 2694 bundiurieem.
564 2647 611 2702 qur
623 2648 651 2688 tn
666 2650 742 2704 agro,
998 2636 1102 2691 luebunt
1116 2634 1187 2691 inri-
1419 2635 1463 2692 19.
1478 2637 1565 2706 etqui
1579 2635 1607 2691 iu

150 2708 195 2763 11.
217 2705 440 2781 Etmultipqep-
527 2754 533 2763 .
566 2718 619 2760 non
638 2720 730 2761 rever·
999 2709 1130 2763 tieem.
1144 2706 1179 2762 91
1191 2703 1267 2761 multi
1419 2720 1621 2778 agro‚nonre-

151 2773 312 2848 doproletae
566 2784 638 2831 tatur
647 2776 724 2832 tolle·
999 2778 1256 2863 pseudoprophetes
1418 2787 1539 2834 vertatur
1554 2774 1650 2837 tollere

148 2857 307 2918 exsurgent,
566 2862 596 2903 re
612 2849 730 2903 tunicam
1002 2859 1153 2920 insurgent,
1168 2856 1196 2903 et
1419 2851 1537 2904 tunicam
1550 2863 1641 2905 suam.

149 2930 178 2977 et
190 2920 321 2976 seducent
566 2932 654 2974 suom.
1000 2921 1134 2976 seducent
1150 2919 1219 2973 mul-
1419 2921 1464 2979 19.
1478 2919 1638 2980 Vueautem

150 2991 196 3051 19.
217 2990 327 3046 nuttios.
344 2992 459 3069 9111111-
567 2990 612 3047 19.
629 2989 684 3045 lae
698 3000 788 3048 autem
800 3005 896 3066 prseq-
1001 2991 1047 3046 te.
1066 3001 1118 3047 tos.
1134 2992 1169 3047 Et
1180 3004 1249 3061 quo·
1420 2991 1613 3062 pregnantibus

149 3063 222 3118 nium
238 3060 324 3116 abitu·
567 3061 695 3117 nantibus
705 3074 733 3120 et
874 3078 878 3087 ’
1001 3063 1074 3118 niam
1087 3064 1176 3121 situu-
1420 3073 1448 3117 et
1462 3062 1545 3118 ubera

151 3133 198 3189 dat
208 3134 348 3202 iniquitas,
568 3132 730 3189 laetantibus
1001 3133 1085 3197 dabit,
1102 3132 1199 3203 iniqui·
1421 3133 1548 3205 dantibus
1563 3134 1592 3211 jn

151 3204 312 3278 refrigescet
569 3205 595 3259 io
612 3204 665 3259 illis
682 3205 787 3261 diebus.
1002 3213 1055 3271 tat,
1067 3204 1183 3275 relrige·
1423 3205 1476 3259 illis
1488 3204 1595 3260 diebus.

149 3275 247 3332 carita.
270 3315 276 3330 .
298 3269 367 3332 m'ul·
566 3275 816 3334 suentensem
1001 3274 1169 3332 seetearitas
1422 3275 1468 3330 20.
1485 3275 1667 3336 uraueauteu

152 3349 197 3404 ts.
219 3356 246 3402 tu
248 3387 375 3404 .....
397 3346 423 3401 ui
567 3358 597 3402 ut
608 3361 661 3402 uun
673 3346 720 3403 luat
730 3348 771 3403 1η-
1002 3347 1160 3402 muliorum.
1422 3358 1451 3401 ut
1466 3362 1518 3402 ηοη
1534 3347 1580 3406 liet

151 3433 177 3473 η.
200 3460 207 3472 .
230 3459 237 3472 .
258 3435 284 3473 m
299 3436 342 3474 re·
566 3434 597 3544 pla
612 3429 702 3474 vestra
1003 3419 1047 3473 15.
1064 3419 1117 3473 Sed
1129 3417 1314 3488 quipetmttn-
1422 3419 1482 3489 luga
1498 3428 1587 3474 vestra

152 3492 283 3545 manserit
298 3491 323 3544 iu
588 3490 668 3559 ieme,
683 3491 723 3546 vel
739 3490 800 3554 seil-
1001 3489 1068 3545 serit
1082 3491 1108 3542 ln
1123 3488 1216 3557 littem,
1422 3489 1522 3557 iriense,
1539 3491 1582 3544 uel
1597 3488 1660 3545 selr-

153 3559 246 3628 irnern,
259 3564 303 3618 lrie
318 3561 370 3634 sal·
566 3560 611 3615 tt.
629 3562 702 3616 bato.
719 3561 777 3619 Erit
788 3561 861 3637 enim
1003 3562 1029 3615 iu
1046 3562 1138 3626 luem,
1153 3559 1197 3614 bie
1421 3560 1467 3615 11.
1481 3562 1553 3617 bato.
1571 3557 1712 3617 ilritenim

362 3653 480 3720 cubuit
497 3653 734 3715 CORBEIENSiS.
1239 3648 1355 3708 CODEX
1374 3650 1570 3709 BRinANlJS.

152 3747 188 3802 ni.
204 3747 318 3818 Oportet
337 3749 408 3803 enim
428 3750 495 3804 ltaee
516 3750 594 3816 lieri,
616 3749 663 3804 sed
678 3747 797 3804 tuorrdum
815 3755 858 3803 est
875 3746 950 3802 duis.
1006 3746 1202 3816 Oportetenim
1213 3747 1279 3802 baec
1292 3745 1382 3799 omnin
1395 3745 1462 3800 lleri.
1473 3747 1519 3801 sed
1532 3745 1649 3801 uorrdurn
1664 3750 1706 3798 est
1728 3741 1804 3794 uns.

152 3817 303 3888 Consurget
329 3818 403 3874 euim
432 3835 498 3892 qens
522 3822 548 3874 in
580 3830 705 3893 gemetu,
735 3831 763 3874 et
787 3835 901 3888 regnum
925 3821 952 3873 in
1009 3819 1131 3888 Exrrrget
1146 3818 1217 3872 ηηίηι
1231 3832 1299 3889 gens
1314 3827 1528 3891 superponent.
1554 3828 1583 3875 et
1596 3830 1708 3886 reginum
1722 3827 1807 3882 super

153 3899 426 3958 regnum.eterunt
438 3890 634 3960 pestilentiae,
656 3901 683 3946 et
716 3889 821 3952 laertes.
846 3901 874 3942 et
900 3900 955 3944 ter·
1009 3905 1134 3957 reguum.
1168 3898 1197 3945 el
1218 3897 1297 3943 erunt
1324 3887 1495 3953 pestilentiae
1519 3898 1545 3944 et
1566 3887 1661 3942 itlllles.
1693 3896 1721 3941 et
1748 3894 1805 3936 ter-

152 3969 290 4019 raemotus
347 3962 450 4023 tinet.
482 3960 553 4018 llaec
572 3973 662 4019 autum
690 3963 779 4016 omnia
796 3961 873 4015 initia
890 3968 956 4015 sunt
1010 3969 1132 4019 remotus
1147 3975 1195 4030 per
1215 3959 1285 4015 loea.
1315 3958 1386 4014 lluee
1401 3971 1491 4015 utitem
1516 3960 1620 4016 tinnula.
1640 3957 1716 4013 initio
1741 3960 1808 4009 sum

151 4030 287 4085 dolorum.
306 3973 382 4095 111111
410 4030 516 4088 tradent
542 4048 590 4088 vos
621 4033 648 4087 in
675 4030 903 4092 tribulationem.
928 4039 958 4086 et
1011 4032 1147 4087 dolorum.
1178 4031 1254 4087 Tune
1280 4029 1387 4085 tradent
1405 4046 1454 4084 ros
1483 4032 1510 4085 in
1539 4030 1752 4109 tribulationem
1776 4033 1808 4080 et

152 4099 278 4163 occident
311 4114 384 4158 rus:
411 4109 440 4158 et
472 4103 549 4161 eritis
575 4105 639 4159 odiu
675 4104 801 4159 omuibus
831 4102 957 4172 gentibus
1010 4102 1250 4159 ineunrentieula.
1274 4110 1301 4156 et
1320 4102 1518 4170 potestatibus,
1538 4112 1566 4156 et
1589 4097 1808 4169 eorsmrequltus

153 4180 266 4242 propter
295 4186 394 4231 numum
425 4187 525 4237 meum.
552 4172 587 4231 Et
610 4185 674 4231 tuno
700 4174 955 4232 scandalizabuntur
1008 4175 1127 4230 stabitis.
1152 4181 1180 4229 el
1204 4173 1329 4229 oeeident
1348 4187 1406 4229 vos.
1438 4185 1465 4228 et
1491 4175 1567 4228 eritis
1591 4173 1654 4229 odio
1679 4170 1807 4224 omuibus

152 4242 243 4308 multi,
266 4253 294 4299 et
320 4242 437 4300 lotricem
465 4244 583 4315 tradent,
602 4254 629 4301 et
659 4244 722 4301 odio
749 4245 888 4305 habebunt
911 4245 955 4300 in·
1008 4247 1135 4315 penditus
1150 4253 1261 4318 propter
1276 4259 1375 4299 nomen
1391 4259 1491 4300 metnn.
1512 4245 1546 4300 91
1557 4255 1621 4300 tuno
1633 4241 1808 4298 scandeliza-

153 4314 251 4375 uiceru-
274 4312 308 4369 91
322 4314 402 4371 multi
424 4315 681 4386 pseudopropbetae
693 4325 817 4385 serpent,
832 4325 859 4372 et
873 4317 956 4372 sedu-
1008 4318 1109 4373 buntur
1128 4319 1216 4374 multi.
1253 4325 1280 4371 et
1302 4317 1408 4370 tradent
1433 4317 1603 4371 alterutrum.
1637 4312 1807 4370 etudiolra-
1857 4370 1860 4375 ,

152 4394 217 4443 terit
239 4385 350 4441 multos.
370 4385 406 4445 91
419 4384 546 4455 quoniam
556 4388 703 4443 abundarit
719 4388 860 4457 iniquitas,
871 4388 955 4457 seiri·
1008 4389 1245 4445 belumtinrieem.
1258 4387 1293 4443 91
1304 4387 1380 4442 multi
1393 4386 1806 4457 pseudoprophetaeinsurgent,

152 4464 246 4526 qesoet
260 4455 379 4517 maritas
401 4458 557 4531 multorum,
572 4458 623 4527 Qui
635 4468 725 4515 autem
739 4459 955 4529 perseveraverit
1007 4469 1035 4515 et
1047 4461 1179 4515 seulueunt
1194 4459 1303 4513 multos.
1322 4456 1356 4512 91
1369 4461 1496 4527 quoniam
1506 4457 1654 4514 arburuudabit
1665 4456 1807 4524 iniquius.

154 4541 241 4596 umque
255 4527 282 4583 iu
293 4525 387 4595 iuenn
403 4527 446 4583 iric
459 4527 552 4591 saltus
566 4533 628 4587 erit.
643 4532 675 4588 91
686 4530 888 4602 praedietbitut·
903 4531 954 4586 lroe
1008 4529 1161 4600 refrigeseit
1175 4531 1274 4586 cantas
1291 4531 1449 4585 multorum.
1473 4529 1523 4597 Qui
1538 4540 1630 4585 autem
1645 4539 1809 4600 persevera·

154 4596 355 4668 lEraupelium
373 4599 448 4670 reperi
462 4600 490 4655 in
504 4603 631 4658 uirlrerso
643 4603 719 4666 orbe,
730 4603 758 4658 ln
770 4601 955 4657 testimouium
1008 4601 1176 4672 veritusque
1190 4603 1216 4655 iu
1231 4601 1323 4655 liutem.
1348 4600 1391 4654 lrie
1404 4601 1496 4657 saluus
1510 4604 1574 4656 erit:
1589 4602 1618 4655 tn
1636 4597 1809 4669 praedicabi-

152 4668 281 4731 erunibus
303 4669 429 4740 gerannus
451 4688 458 4723 ε
488 4681 517 4727 et
529 4685 594 4728 tune
609 4674 620 4704 ¹
633 4673 723 4729 ueniet
743 4674 952 4729 ootrsummatio.
1005 4682 1051 4728 tur
1065 4671 1117 4729 lroe
1133 4672 1306 4743 Euangelium
1320 4672 1407 4740 requi.
1421 4673 1447 4726 in
1463 4673 1589 4727 rtrtiverso
1601 4673 1679 4726 orbe.
1693 4669 1719 4723 in
1729 4668 1808 4722 testi-

153 4741 243 4808 buum
265 4755 331 4810 erpo
357 4739 480 4804 videritis
502 4743 734 4802 abominationem
758 4745 953 4813 desolationis,
1006 4745 1128 4800 monium
1145 4742 1419 4811 omnibusqeutibus,
1432 4741 1721 4798 ettuneuenletlluia.
1735 4736 1807 4794 Germ

153 4827 223 4881 eune
243 4810 315 4868 diets
339 4821 382 4871 etl
401 4826 416 4871 1
433 4810 546 4873 ltauielo
560 4816 702 4884 propbeta.
719 4823 836 4871 stantem
852 4819 878 4871 in
893 4815 955 4871 luou
1004 4831 1072 4886 erqo
1086 4816 1218 4873 videritis.
1233 4813 1462 4871 abttrtrinutionum
1477 4814 1655 4870 desolationis
1671 4809 1708 4880 (ll
1732 4809 1808 4879 quod

154 4882 568 4956 niueumqulleqitluielligut:
586 4886 708 4956 tuncqui
725 4885 951 4951 inludaeusunt,
1006 4888 1109 4942 ‹liemm
1131 4897 1171 4943 est
1195 4902 1209 4940 a
1234 4885 1347 4941 burrielo
1371 4889 1512 4956 propbeta.
1549 4895 1639 4940 stome
1659 4882 1681 4954 †
1703 4883 1808 4936 iuloeo

155 4949 168 5006 1
203 4954 302 5009 tantae
313 4964 440 5015 enutries:
453 4955 538 5026 etqui
561 4955 588 5010 in
602 4963 684 5020 teoto,
700 4971 752 5012 non
765 4957 776 4988 ¹
787 4957 956 5013 descendunt
1006 4970 1111 5014 saitem.
1135 4959 1181 5027 qtti
1195 4958 1260 5029 legit
1279 4957 1426 5027 intellegat.
1451 4966 1514 5012 tune
1527 4958 1572 5028 qui
1586 4955 1729 5011 inludaea
1740 4961 1809 5010 struit

156 4968 252 5079 uisitare
265 5022 366 5094 aliquod
381 5025 417 5092 de
431 5025 589 5089 dornosua:
604 5026 689 5096 etqui
700 5029 727 5083 iu
741 5042 827 5098 aquo,
843 5043 897 5083 uon
911 5043 955 5083 re-
1005 5028 1113 5100 luqiuut
1126 5031 1159 5086 ad
1174 5042 1290 5094 turnines,
1304 5039 1332 5083 et
1342 5028 1387 5097 qui
1397 5029 1424 5082 in
1436 5036 1568 5091 teetuest
1586 5043 1640 5081 unu
1655 5025 1809 5080 descendat

155 5099 277 5155 10111191
293 5097 518 5158 tolleretuuieum
534 5098 687 5156 suamlite
699 5106 789 5155 autem
804 5114 955 5170 praequam·
1005 5101 1104 5156 tollere
1117 5101 1218 5173 aliquid
1233 5101 1267 5156 de
1280 5102 1360 5154 domo
1375 5113 1433 5154 sua.
1459 5110 1486 5154 et
1508 5101 1554 5169 qui
1574 5101 1600 5154 iu
1614 5113 1680 5168 ugrn
1693 5106 1734 5150 est
1750 5110 1808 5151 nun

153 5166 229 5223 tiburs
242 5173 269 5217 et
290 5167 470 5246 nutrientibus
486 5170 514 5231 iu
532 5171 584 5229 iltis
595 5171 702 5243 diebus.
725 5168 808 5231 Ortle
820 5182 911 5227 autem
926 5178 955 5226 ut
1008 5183 1161 5228 revertatur
1174 5173 1270 5228 tollere
1286 5172 1447 5227 vestimentu
1460 5185 1520 5226 sua.
1543 5169 1600 5226 Vae
1621 5178 1711 5223 autem
1726 5181 1809 5235 prae·

152 5250 209 5299 ιιοη
223 5234 271 5293 liet
283 5237 347 5307 iuga
361 5247 452 5299 sesua
465 5241 573 5313 hyeme,
589 5245 633 5301 vel
647 5243 790 5301 ubbatoo.
813 5242 870 5299 lirlt
880 5242 953 5299 euim
1005 5243 1192 5312 quarumdem
1213 5242 1397 5303 nutrientium
1411 5245 1437 5297 in
1453 5242 1507 5297 illis
1528 5242 1633 5297 dielnrs.
1656 5239 1741 5295 Orate
1753 5252 1808 5291 au·

904 5316 910 5323 '
1004 5322 1072 5369 tem.
1088 5322 1119 5369 ut
1134 5329 1187 5369 ηοη
1203 5314 1249 5368 ilat
1261 5314 1322 5385 luga
1338 5323 1427 5369 restra
1441 5312 1531 5370 irieme
1544 5313 1585 5370 uel
1598 5310 1725 5370 ubbato.
1748 5308 1810 5365 Erit

421 5473 423 5477 .
510 5397 707 5459 ineuntes
724 5399 919 5461 eleuterius
937 5399 1070 5462 cubicis
1089 5405 1144 5463 MS.
1159 5405 1190 5463 S.
1210 5403 1463 5463 uertunneNsls.

186 5485 196 5517 ¹
213 5485 412 5552 Erongeliumln
1038 5499 1198 5569 ⁸deseendat
1223 5561 1228 5569 ι

187 5548 198 5578 ¹
214 5551 283 5599 venit

826 5625 1010 5692 Bbtlicilllll
1029 5627 1146 5686 NOTAE.

205 5707 233 5777 u)
246 5708 327 5766 Deest
339 5721 364 5768 et
377 5714 549 5787 pestilentiae,
562 5716 643 5773 etiam
657 5686 683 5772 iu
698 5713 778 5772 eant.
791 5716 850 5774 Lat.
864 5727 892 5775 et
904 5718 952 5774 Gr.
967 5748 1004 5762 -
1021 5720 1058 5795 (1)
1072 5720 1187 5779 vertunt
1199 5737 1254 5779 nou
1269 5721 1334 5780 satls
1346 5720 1488 5779 commode
1500 5720 1551 5777 ista
1565 5728 1654 5778 textus
1668 5720 1762 5794 gruel,
1777 5722 1810 5779 τὸ

155 5707 292 5864 11191ιὰ
311 5787 401 5844 Δαιιηλ
421 5795 467 5873 τοι)
486 5793 619 5877 προφήτου.
630 5830 638 5855 ,
650 5788 742 5872 ieeur·
758 5803 820 5845 nem
832 5798 862 5847 tt
881 5790 912 5849 ei
925 5790 1009 5868 p'tlb,
1019 5790 1154 5862 et'loetrc.
1167 5795 1285 5852 retertur
1303 5794 1337 5852 td
1355 5793 1513 5879 praeoedere
1532 5791 1666 5889 pitis-pp«
1683 5793 1811 5855 nennius

154 5863 272 5935 peneus,
288 5853 743 5933 quouuuuruauonemuqnuleat.
1437 5883 1440 5887 ’
1530 5880 1536 5891 “
