3810 6144
130 254 170 314 ns
658 238 1271 317 unieruntuouebaunovmueuus.
1745 265 1782 324 rs

129 373 287 448 sdjoetione
309 372 432 446 retinuit,
456 381 539 433 tenax
565 375 730 433 uenerabilis
752 374 930 449 antiquitatis.
944 376 1036 439 Attus
1046 373 1086 430 uti
1098 373 1184 430 licuit.
1206 375 1263 447 Ego
1285 375 1385 433 divinae
1410 377 1592 450 prouidentiae
1612 379 1694 437 ductu
1711 377 1785 437 ieiici

165 474 226 570 bt..
246 510 418 570 idabillonius
431 510 481 571 To.
497 528 507 569 ι
520 512 629 571 itineris
642 513 727 569 italici
739 529 766 585 p.
781 512 810 577 9.
821 512 855 570 tle
869 527 934 568 nns-

133 616 179 665 tro
200 604 299 679 Codice
323 605 492 663 vercellensi
516 607 575 665 bac
596 607 693 664 scribit
718 624 726 660 ι
751 606 786 662 ln
809 607 933 663 Sacrario
1021 652 1027 664 .

133 698 252 762 eiusdem
265 695 391 753 Ecclesiae
406 696 588 770 (cathedralis
603 697 802 773 vercellarum)
817 715 934 754 arserun-

134 799 182 874 (ιιι
192 792 342 870 veterrimus
356 788 437 846 rodes
456 792 673 852 ntrutlrranocens.
690 789 832 863 Euattpelio
843 789 934 846 Sancti

133 882 255 940 hortun·
273 893 296 938 rt
310 882 402 959 Saqcti
418 882 503 939 llarci
525 881 615 957 (lege,
631 883 687 940 88.
701 884 839 951 llottltori,
853 882 935 939 loon·

133 975 194 1044 nis,
207 975 306 1041 curo,
320 984 347 1047 et
360 974 456 1047 ilorci)
472 977 604 1031 conantem
622 991 632 1030 :
652 976 696 1047 qui
712 992 728 1030 o
742 975 839 1032 Sancto
854 974 936 1032 Euse-

134 1070 178 1125 bio
193 1070 315 1147 episcopo
328 1078 354 1126 et
368 1080 483 1142 martyre
505 1069 552 1125 iiio
564 1070 779 1142 qenerosissimo,
792 1086 867 1142 quun
879 1081 937 1125 ton-

133 1171 225 1233 topere
235 1170 359 1217 crearunt
374 1162 482 1231 Ariani,
499 1163 627 1234 scriptus,
641 1171 719 1231 atque
736 1163 796 1218 ituic
810 1161 938 1218 Ecciesite

135 1274 272 1314 comeam
283 1256 409 1313 creditur.
421 1255 495 1313 Certe
509 1256 656 1312 umnmrana
676 1258 727 1312 situ
742 1260 796 1327 lere
815 1265 938 1326 corrupto

137 1360 195 1418 cst,
210 1352 373 1405 cioractercs
386 1364 450 1421 pene
468 1348 612 1420 ineuntes,
632 1366 664 1404 oc
677 1349 836 1416 renuideleti,
851 1358 938 1405 tanus·

133 1459 183 1515 per
195 1459 212 1495 a
227 1441 345 1495 hentona
357 1443 489 1511 scriptura
502 1440 668 1514 depenerarn.
680 1440 780 1496 Littera
798 1440 821 1497 Α
835 1441 870 1495 od
884 1458 939 1497 nto·

134 1536 199 1591 datm
215 1535 312 1592 erere
322 1548 344 1592 Δ
354 1576 362 1601 ,
372 1534 413 1591 11.
426 1535 513 1591 littera
522 1552 633 1605 superne
646 1535 735 1592 clausa
749 1553 766 1590 a
779 1536 939 1592 setnicirculo

137 1629 228 1699 incipit
246 1646 252 1680 ε
280 1629 340 1684 aliar
363 1627 456 1684 litterar
479 1628 604 1685 Romanis
624 1629 679 1699 iere
702 1629 809 1685 similes.
837 1628 940 1684 Codicis

135 1720 290 1792 operculum
303 1736 336 1775 ec
350 1730 458 1793 arpenta
471 1737 487 1776 a
500 1719 657 1794 Brrenporio
671 1723 827 1790 imperatore
840 1722 941 1775 instau-

136 1821 241 1877 ratum,
254 1828 287 1882 cqc
300 1828 352 1867 uno
364 1823 438 1882 parte
453 1813 599 1869 satrauriu
609 1813 733 1885 clliqs'ent,
746 1829 778 1869 es
790 1813 842 1868 alia
856 1813 940 1870 Sauc-

137 1914 195 1958 tutn
208 1902 351 1958 Eusebium
367 1903 488 1971 cohibet,
502 1904 537 1959 nd
553 1908 628 1982 cujus
642 1915 721 1977 caput
735 1906 762 1960 iti
782 1921 870 1961 acrstu
880 1905 941 1960 ods-

136 1996 216 2068 cripti
230 1995 352 2069 teporatur
367 2012 377 2052 .·

184 2128 281 2180 erasm
292 2129 330 2179 bie
341 2128 465 2182 Eusebius
477 2133 585 2196 scripsit,
595 2133 716 2197 solvitque
729 2141 854 2186 vetustas:

264 2191 320 2244 lies
330 2193 500 2257 &rengarius
510 2195 554 2244 sed
566 2197 688 2260 repararit
699 2197 775 2248 idem.

137 2316 168 2374 ln
182 2317 274 2374 inbma
290 2332 355 2375 reru
370 2327 446 2388 parte
459 2320 493 2375 ad
508 2319 591 2391 pedes
601 2320 735 2378 Eusebii:

186 2447 326 2511 Argentum
337 2455 467 2513 postquam
477 2447 543 2501 tulto
554 2448 659 2512 (Codex,
670 2449 831 2577 deprornpssitl)
840 2452 942 2566 ‘iffi‘

787 2531 812 2563 tt
835 2529 849 2565 0
933 2549 941 2577 5

216 2591 347 2653 ucenae,
360 2593 461 2657 praestti,
471 2592 561 2646 obtulit
572 2594 624 2658 ipse
635 2602 692 2645 tute.

177 2741 354 2799 hortissimus
374 2756 483 2814 quoque
505 2743 724 2800 biontlaueunius
742 2743 788 2801 die
810 2761 856 2801 ιιιι
879 2745 942 2802 binii

139 2833 281 2890 b'ereelias
296 2835 342 2890 ivit
354 2875 362 2902 ,
376 2843 458 2906 atque
470 2835 654 2892 Eusebianurn
668 2837 790 2893 codicem
807 2838 834 2892 iu
850 2836 942 2892 biario

139 2928 251 2996 ltniico,
265 2946 325 3001 cap.
340 2931 393 2997 28,
407 2946 434 3002 p.
450 2931 521 2996 111.
537 2931 574 2987 ita
585 2932 731 3001 descripsit
747 2950 753 2985 :
767 2931 942 2986 Codicentce·

137 3023 307 3078 tutissimum
321 3022 416 3077 ibidem
440 3022 552 3096 (nempe
576 3023 603 3078 in
627 3022 752 3080 Ecclesia
770 3021 941 3094 carnerunt)

136 3116 316 3186 imperiumn,
333 3117 361 3171 itt
371 3115 462 3171 citarta
477 3116 673 3172 ntentiranocro
685 3117 838 3172 tenuissimo
850 3130 944 3170 caora-

138 3216 210 3274 tsnt,·
224 3207 377 3278 Mutamus
390 3208 448 3280 ipsa
461 3207 492 3265 8.
506 3206 610 3263 Eusebii
626 3224 718 3274 nnana,
730 3208 774 3277 qui
789 3208 885 3262 seculo
898 3206 911 3259 1
919 3206 940 3262 V

134 3301 244 3373 piorttit,
258 3299 432 3370 descripturus,
447 3301 641 3366 censionemuue
661 3317 693 3356 es
715 3299 806 3356 Graeco
821 3305 848 3355 ln
865 3299 941 3356 cuit-

136 3410 199 3449 nsttt
212 3393 245 3447 ab
255 3393 344 3447 rodem
353 3392 521 3448 adornatam.
536 3391 674 3447 Nonnulla
686 3393 756 3458 irinc,
768 3400 793 3446 et
804 3392 866 3447 inde
876 3393 940 3464 iepi,

137 3489 301 3558 comperique
316 3486 467 3543 Versiouent
480 3503 534 3543 esse
548 3503 566 3541 a
584 3485 694 3558 Vuiqato
708 3496 796 3541 nostru
811 3495 863 3541 toto
877 3485 942 3540 catio

138 3580 339 3650 discrepantem.
367 3579 455 3635 codes
474 3580 564 3635 nutritio
585 3580 614 3635 iu
637 3578 753 3651 partibus
773 3578 942 3646 labefactatus

132 3674 348 3743 pmrafoctusque
369 3681 426 3737 est,·
447 3671 517 3744 quod
537 3687 617 3738 castr,
642 3671 780 3742 piusquam
800 3679 940 3736 uetustate,

136 3764 255 3819 euenisse
269 3763 436 3830 dictitabant,
450 3765 639 3836 narrabantque
652 3764 699 3818 diu
723 3765 751 3818 in
774 3763 882 3834 piamine
896 3762 941 3817 de·

136 3872 262 3911 sterssm.
278 3854 364 3926 liujus
383 3855 560 3926 alphabetum
581 3856 657 3913 dcclii
678 3856 750 3913 idem
773 3855 941 3910 blotttlaueo·

135 3951 218 4017 nius,
233 3950 371 4019 primaeuae
385 3948 459 4004 aetati
473 3948 641 4019 respondens
653 3989 660 4014 ,
674 3950 722 4005 sed
744 3964 760 4002 a
783 3949 941 4017 cuicbnqre-

135 4043 192 4116 pho
202 4058 299 4114 parum
313 4043 458 4114 diiigenter
479 4058 640 4112 expressunt
662 4051 690 4098 et
703 4043 782 4098 ualde
801 4042 940 4098 diuersum

135 4152 152 4192 a
176 4136 294 4209 geriuina
325 4134 514 4191 citaracterutu
543 4132 648 4201 lnrma,
663 4150 745 4205 quain
772 4149 823 4203 equ
839 4131 939 4203 protuli

136 4226 219 4283 Parte
232 4242 262 4291 n,
277 4226 345 4282 Tau.
371 4242 401 4291 u,
416 4236 487 4297 post,
512 4242 572 4298 paq.
589 4227 653 4282 a88.
669 4226 742 4282 biriit
755 4226 784 4282 S.
805 4225 940 4280 Eusebius

137 4332 211 4374 anno
222 4318 323 4374 Christi
340 4318 502 4388 bihomre
514 4318 601 4375 codex
617 4319 667 4374 iste
689 4318 809 4373 omniurn
830 4315 940 4371 Latinu-

135 4426 197 4468 rum
211 4411 338 4467 bilinrum
352 4410 384 4465 ti.
395 4410 427 4465 Τ.
441 4412 638 4468 vetustissimus
648 4411 800 4468 censendus
812 4419 865 4467 est.

983 466 1124 539 laustoquc
1157 483 1172 523 a
1202 469 1360 527 doctissimo
1389 481 1418 529 et
1443 472 1596 530 clarissimo
1627 475 1692 543 ‚tiro
1720 472 1782 530 Sci·

984 560 1066 629 piune
1080 562 1236 617 marritione
1252 563 1358 619 biaiieio
1382 564 1437 637 (qui
1453 583 1561 639 semper
1578 569 1631 625 erit
1646 569 1712 625 milti
1723 584 1785 625 cum

984 653 1091 708 entmiis
1102 664 1183 725 atque
1198 657 1352 724 presumitis
1368 659 1491 716 laudibus
1506 660 1698 733 nominandus)
1708 674 1783 717 anim

985 744 1055 800 ttae
1070 761 1132 801 cunt
1146 746 1261 803 Veronae
1276 751 1436 806 canonicum
1451 766 1571 822 agerem,
1594 753 1709 809 edoctus
1724 753 1786 810 lue-

986 853 1043 894 ram
1061 838 1191 896 Vercellis
1211 848 1306 898 entare
1328 843 1449 900 eutliccm
1461 842 1680 916 Evanqciimium
1704 834 1787 903 tantm

986 931 1140 996 uetustatis,
1161 941 1190 988 ut
1209 932 1395 991 Veronensum
1421 946 1544 992 nostrum
1562 952 1600 993 sn
1622 939 1787 996 sae'cuiort'tm

988 1020 1078 1093 (quern
1101 1034 1163 1081 tnnc
1184 1026 1212 1082 in
1228 1027 1331 1083 auibus
1353 1016 1550 1102 capitularibus
1573 1045 1589 1084 a
1612 1046 1656 1086 me
1671 1032 1787 1102 primunr

987 1118 1175 1188 exscriptum,
1204 1136 1289 1190 usque
1317 1121 1351 1178 nd
1365 1138 1467 1179 animm
1488 1124 1560 1182 titt
1583 1139 1637 1195 quo
1650 1122 1787 1193 Rotnani,

987 1210 1067 1273 vetti,
1084 1225 1192 1282 semper
1216 1212 1290 1269 domi
1315 1216 1430 1283 socium,
1445 1224 1472 1273 et
1491 1227 1627 1288 tamquam
1641 1218 1790 1275 contuber-

910 1349 915 1361 ,
989 1301 1078 1355 ntalem
1095 1301 1193 1369 bubni,
1208 1305 1335 1375 quoniam
1361 1305 1396 1362 ab
1419 1309 1588 1379 amplissimo
1614 1309 1732 1381 capitulo
1755 1311 1790 1366 it-

989 1391 1217 1450 iustrissimnrum
1257 1412 1288 1451 ac
1325 1400 1619 1456 reverendissimorum
1643 1401 1791 1459 cattunico-

990 1498 1051 1540 rum
1072 1486 1138 1540 mibi
1152 1487 1202 1542 soli
1225 1487 1338 1545 lacuitas
1363 1489 1434 1547 sancta
1458 1491 1544 1548 luerat
1572 1494 1648 1550 illum
1672 1494 1789 1564 adeundi,

992 1589 1021 1634 ut
1047 1580 1074 1635 in
1098 1583 1167 1636 actis
1195 1582 1391 1654 capitularibus
1414 1585 1546 1658 legitur),
1563 1603 1597 1643 ex
1625 1588 1792 1645 tenuissimis

992 1673 1159 1730 membranis
1180 1692 1297 1747 purpura
1316 1678 1408 1734 tinctis
1434 1689 1461 1734 et
1481 1679 1583 1746 uitreis,
1602 1682 1793 1753 argenteisque

954 1766 1195 1839 Bebaraetcribus
1235 1772 1353 1826 exaratis
1390 1764 1571 1843 catalectum,
1604 1787 1792 1846 exsuperaret.

993 1858 1083 1928 Qirare
1100 1876 1171 1916 anuo
1192 1863 1344 1934 insequenti
1366 1863 1455 1932 1717,
1482 1867 1675 1936 epistolaribus
1698 1867 1795 1924 uliiciis

993 1964 1108 2006 exorare
1138 1953 1208 2022 carpi
1239 1953 1433 2021 praelaudatum
1468 1956 1681 2014 illustrissimum
1706 1959 1794 2015 uirum

994 2043 1170 2099 i'rstneiscnm
1201 2044 1393 2116 llierunynmm
1429 2047 1594 2120 anqcrium
1633 2051 1795 2108 canonicum

993 2136 1250 2206 praestantissimum
1265 2146 1368 2194 sancte
1393 2139 1579 2198 vercellensis
1602 2142 1751 2213 Ecclesia,
1765 2154 1795 2202 ut

993 2241 1103 2283 omnent
1118 2245 1230 2299 operam
1249 2231 1274 2285 in
1289 2246 1322 2286 eu
1337 2232 1518 2289 exscribendo
1531 2234 1625 2292 codiee
1639 2216 1795 2307 portereau

993 2331 1134 2389 quaretur.
1156 2319 1190 2387 ls
1205 2320 1315 2378 tandem
1341 2323 1442 2393 iurganti
1465 2325 1551 2381 labori
1579 2342 1609 2381 se
1631 2327 1739 2393 obtulit,
1765 2340 1797 2383 m

995 2412 1094 2466 litteris
1116 2412 1286 2469 immanitate
1310 2415 1476 2484 plenissimis
1503 2416 1662 2487 Exerrrplum
1689 2433 1796 2475 mecum

993 2505 1219 2569 coritmunieani13
1245 2515 1274 2559 ut
1296 2505 1363 2561 iliud
1384 2490 1513 2562 in'tucem
1536 2507 1663 2574 etlereni,
1681 2519 1709 2567 et
1729 2512 1796 2568 inuis

994 2594 1230 2652 obseruationibus
1245 2597 1420 2655 illustrarem.
1436 2600 1503 2655 burn
1519 2601 1577 2658 boec
1592 2603 1693 2673 scribe,
1704 2604 1797 2662 Cbi'ir

995 2685 1118 2756 liapitoel
1136 2688 1272 2743 Vernuzaa
1295 2690 1475 2762 philosophi-oe
1500 2703 1529 2749 et
1552 2696 1797 2770 sacratarumque

993 2782 1101 2850 duretur,
1116 2796 1143 2839 ut
1165 2786 1191 2841 iu
1215 2785 1378 2843 bibliotheca
1398 2788 1527 2846 Vaticana
1553 2791 1672 2864 scriptur
1697 2794 1797 2867 linquar

994 2874 1106 2941 Graecae,
1121 2877 1264 2933 revolvens
1287 2877 1396 2934 codices
1411 2881 1513 2952 reginae
1529 2881 1691 2953 Succorum,
1712 2901 1796 2943 tunum

994 2970 1093 3040 reperit
1109 2986 1124 3024 a
1139 2970 1243 3037 sustuli,
1257 2973 1392 3043 signatum
1409 2989 1436 3028 n.
1449 2974 1512 3044 eit,
1528 2976 1554 3031 in
1566 2993 1619 3049 quo
1632 2978 1689 3036 lere
1699 2980 1796 3038 eadem

994 3060 1139 3130 habentur,
1162 3078 1223 3133 que
1236 3078 1271 3120 ex
1283 3063 1379 3121 codice
1392 3065 1548 3124 millenario
1564 3073 1723 3129 monasterii
1741 3072 1796 3130 Na-

956 3166 979 3230 (2
995 3153 1135 3208 trontolani
1148 3153 1299 3224 superiusa
1314 3155 1393 3213 nobis
1411 3159 1496 3215 retati
1512 3170 1576 3217 surtt
1596 3178 1657 3235 paq.
1671 3167 1703 3221 (il
1728 3165 1796 3224 Pro-

994 3240 1209 3313 leqomcnorum;
1225 3254 1254 3301 et
1275 3254 1338 3300 sunt
1353 3245 1413 3303 brec
1429 3266 1436 3303 :

1028 3335 1122 3391 Sciens
1134 3338 1257 3408 scriptum
1271 3352 1281 3395 .·
1295 3339 1324 3396 Si
1343 3354 1393 3395 uos
1411 3343 1548 3412 persecuti
1574 3345 1676 3404 luerint
1697 3348 1724 3404 in
1740 3367 1795 3408 nna

991 3428 1110 3497 ciuitate,
1123 3430 1206 3501 lugite
1220 3432 1247 3486 in
1256 3433 1353 3502 aliam,
1373 3435 1442 3488 ultra
1452 3437 1548 3506 punicu
1564 3438 1667 3494 Padurn
1679 3445 1793 3500 transiit.

992 3520 1026 3576 Et
1047 3523 1081 3575 ad
1094 3520 1224 3591 Gnrtrunt,
1246 3526 1314 3595 quod
1333 3527 1426 3581 dicitnr
1451 3527 1681 3603 Greudonensium,
1705 3553 1795 3605 perue-

991 3615 1073 3681 niant,
1085 3614 1112 3668 in
1127 3614 1223 3671 honore
1237 3616 1316 3671 beatae
1328 3616 1376 3671 Dei
1388 3617 1524 3675 Gertitricir
1541 3620 1634 3679 llario
1647 3629 1792 3685 oratorium

990 3707 1145 3762 construxit.
1166 3706 1217 3763 ilbi
1232 3710 1308 3764 etiam
1327 3709 1413 3765 odlruc
1427 3711 1531 3784 lonqius
1546 3714 1650 3786 arpenn,
1782 3751 1793 3765 ·

992 3798 1054 3852 liunt
1075 3798 1173 3854 Christi
1188 3802 1296 3869 proprio
1311 3818 1391 3856 manu
1404 3802 1524 3873 scripsit,
1549 3808 1624 3879 cujus
1638 3810 1792 3868 miraculum

991 3891 1018 3945 in
1038 3893 1126 3946 eodem
1146 3892 1235 3948 codice
1256 3904 1366 3965 quatuor
1389 3895 1605 3968 annqeliorutn,
1629 3918 1681 3959 nnn
1708 3905 1792 3962 solunt

990 3983 1073 4038 uerbis
1087 3983 1197 4052 Citrirti,
1213 3986 1347 4040 sedetiam
1365 3989 1482 4061 ejusdem
1500 3990 1598 4059 Patris,
1614 4005 1684 4051 tanta
1698 3999 1791 4055 uirtttte

989 4079 1131 4148 sepissime
1144 4089 1279 4145 coruscat,
1302 4090 1329 4133 ut
1348 4081 1371 4137 si
1392 4082 1486 4153 aliquis
1508 4086 1626 4141 seductus
1648 4107 1665 4142 o
1687 4091 1790 4146 diabolo

990 4168 1087 4239 salsum
1099 4186 1176 4241 super
1192 4187 1251 4224 enm
1275 4170 1364 4240 iecerit
1390 4184 1595 4243 sacramentnm,
1617 4179 1692 4236 citius
1712 4183 1791 4258 pinpo

990 4262 1133 4333 corporalis
1148 4263 1305 4328 ostenditur,·
1327 4263 1363 4316 ita
1378 4275 1415 4329 ut,
1430 4278 1475 4319 out
1489 4278 1570 4322 morte
1583 4271 1727 4343 mulctetur,
1742 4290 1786 4334 aut

990 4354 1097 4427 perditis
1118 4355 1210 4422 oculis,
1232 4355 1368 4424 spirituale
1386 4356 1471 4411 iumen
1489 4369 1512 4414 et
1527 4364 1661 4432 corporale
1675 4371 1786 4440 omittat,

989 4456 1034 4501 aut
1047 4446 1168 4502 ariditate
1186 4448 1357 4501 ntenrirrorunt
1377 4465 1482 4503 araneus
1504 4454 1543 4507 uei
1571 4455 1679 4514 einardus
1693 4463 1788 4532 efficio-

181 4544 311 4602 Nostrum
358 4541 569 4617 Esanpeiioriunt
604 4544 767 4618 quadruplex
809 4543 1043 4611 sttiuntnaDtur,
1061 4540 1423 4607 orttinuosinnedremonum,
1445 4560 1510 4614 pene
1532 4564 1611 4617 usque
1632 4552 1667 4606 ari
1690 4557 1787 4613 exitam

135 4639 222 4710 prinus
254 4636 366 4691 exbibet
398 4634 471 4693 bunc
503 4636 625 4693 codicem
663 4635 870 4702 brachionem,
902 4634 936 4690 tle

133 4745 190 4802 quo
209 4727 412 4801 loquuturum!
427 4728 605 4800 obiurgandum
621 4728 679 4799 ejus
699 4729 832 4800 picturam
856 4739 935 4798 typo·

134 4824 292 4895 prapbicam
304 4862 312 4886 ,
326 4835 389 4876 cunt
403 4822 499 4876 natiuis
519 4821 689 4878 lineamentis
703 4820 770 4884 suis,
791 4818 853 4874 dedi
868 4833 935 4888 npe-

134 4929 204 4982 ιιι,
216 4924 247 4972 ut
259 4913 346 4970 editio
361 4913 438 4970 lieret
453 4914 485 4968 atl
497 4913 567 4969 barte
581 4914 733 4985 pactionem
746 4926 934 4980 normamque,

133 5016 275 5079 staentpe
300 5016 339 5062 tot
353 5006 432 5062 linea
452 5015 545 5076 totque
557 5006 646 5062 exitus
658 5005 814 5063 earumdem
828 5017 936 5074 semper

135 5111 227 5158 essem
249 5103 276 5157 in
299 5101 434 5171 impresso
456 5100 562 5171 quotin
584 5101 771 5172 manuscripto
791 5100 878 5167 iibru;
892 5114 936 5156 re-

137 5202 212 5250 tenta
226 5195 309 5249 etiam
323 5207 428 5249 summa
440 5193 572 5265 religione
581 5193 677 5249 eadem
692 5191 936 5265 orthographiam

139 5285 310 5358 sphalmatis,
332 5297 415 5359 atque
435 5285 623 5359 frequentibus
646 5287 877 5342 immutationibus
891 5284 935 5339 bt·

139 5384 273 5447 teramum
299 5391 327 5434 ut
351 5380 399 5447 ita,
422 5383 586 5451 qutcumque
605 5378 720 5435 uoluerit
740 5378 810 5434 banc
835 5376 935 5434 editio·

138 5485 203 5528 nem
215 5486 274 5528 cum
286 5472 458 5544 autographo
471 5472 565 5528 sedula
580 5471 725 5527 collatione
738 5470 872 5536 eonierrc,
889 5484 934 5540 pc·

136 5566 361 5637 rmopssomnes,
376 5565 488 5624 totidem
502 5564 580 5623 lineis
595 5578 750 5637 expressas,
765 5563 838 5620 nullu
852 5579 936 5634 nego-

135 5658 176 5717 tio
187 5660 323 5728 inueniat,
338 5660 482 5733 eruntque
494 5659 527 5716 ati
539 5672 662 5716 rmrrnarn
684 5657 825 5716 sacerrimi
848 5656 937 5713 Euan-

136 5752 265 5826 peiictarii
281 5751 415 5812 batuto
439 5752 634 5812 iereeilarum.
658 5751 709 5809 iilo
731 5750 832 5809 nemini
847 5749 936 5807 hactu-

988 4635 1137 4688 dilnnietur.
1152 4635 1262 4688 interim
1281 4644 1378 4701 autent,
1392 4635 1455 4691 dsunt
1467 4637 1501 4692 iii
1513 4640 1540 4694 in
1555 4642 1611 4714 ipso
1626 4644 1716 4702 Castro
1726 4665 1786 4707 cunt

987 4727 1120 4799 discipulis
1137 4728 1189 4781 suis
1203 4736 1356 4793 moraretur,
1373 4730 1441 4800 secto
1452 4732 1573 4798 concilio,
1587 4743 1640 4790 eie.

1023 4819 1099 4875 Nune
1114 4834 1189 4884 tero,
1212 4819 1338 4889 quoniam
1361 4820 1416 4888 jam
1441 4823 1524 4877 tttulta
1540 4824 1573 4880 de
1589 4835 1642 4883 tam
1661 4835 1783 4910 antiquo,

987 4920 1042 4966 tani
1069 4910 1227 4967 reiterando
1251 4910 1459 4982 Evangeliurunt
1484 4915 1599 4985 conice,
1620 4929 1785 4991 satietissiuni

987 5007 1114 5076 martyris
1127 5015 1154 5058 et
1167 5004 1288 5075 episcopi
1302 5002 1482 5060 vercellensis
1496 5005 1608 5068 Eusebii
1620 5020 1730 5077 nomine
1741 5024 1784 5080 in.

987 5098 1097 5169 siqnitu,
1113 5095 1240 5168 paulatus
1251 5111 1323 5162 suin,
1338 5100 1549 5166 operaepretium
1561 5107 1612 5161 erit
1626 5091 1782 5187 ostendere,

988 5192 1082 5248 eodem
1095 5191 1187 5246 Italam
1201 5189 1346 5256 contineri,
1360 5204 1431 5260 qute,
1445 5201 1476 5247 ut
1488 5193 1575 5266 inquit
1588 5197 1702 5262 Sanctus
1719 5206 1784 5268 ilie·

986 5298 1126 5357 ronymus,
1141 5283 1269 5338 nascentis
1290 5281 1413 5357 bertenp
1428 5286 1507 5356 fidern
1518 5291 1655 5363 colorauit,
1670 5317 1784 5376 quaeque

985 5378 1088 5434 Latinis
1102 5377 1226 5432 Patribus
1242 5375 1387 5448 primitivis
1407 5378 1457 5435 init
1469 5382 1495 5437 in
1514 5400 1575 5452 usu,
1591 5387 1648 5445 siue
1670 5394 1704 5451 ad
1717 5412 1784 5459 rein.

986 5469 1118 5526 lirntanda
1134 5469 1195 5525 illei
1221 5468 1358 5539 dogmata,
1386 5472 1442 5526 sire
1465 5474 1498 5527 ad
1522 5477 1650 5537 tradenda
1676 5502 1784 5551 snorum

988 5573 1135 5637 praecepta,
1147 5573 1227 5634 atque
1243 5563 1365 5619 caules-tis
1379 5563 1540 5635 disciplina.
1552 5568 1698 5645 Postquam
1710 5586 1784 5645 enim

987 5656 1021 5712 nd
1033 5655 1136 5713 (lentes
1155 5654 1333 5711 occidentalis
1347 5653 1432 5725 piaque
1446 5655 1472 5709 in
1488 5655 1640 5722 Christiana
1654 5674 1784 5746 religione

989 5747 1169 5806 instituendas
1189 5745 1264 5802 missi
1279 5746 1483 5818 suntapostuli,
1500 5755 1599 5822 prodiit
1615 5766 1706 5823 statim
1730 5772 1782 5831 ba-
