3826 6142
145 262 199 324 aba
405 258 541 320 eusebii
559 255 733 320 venenet..
754 258 984 320 abluentibus
1003 258 1079 318 CUM
1098 256 1215 320 VdelS
1232 259 1313 320 COD.
1330 259 1524 321 mutarunt.

344 372 460 432 CODEX
473 369 744 431 VEROELLENSlS.

566 466 718 537 interroga·

565 538 615 607 rit,
630 538 761 609 quidnam

565 621 657 667 essem
672 608 747 666 irael

564 679 611 737 27.
631 680 682 750 Qui
698 683 736 737 ait
751 680 790 738 illi
802 697 811 737 t
823 680 863 755 (tt)
876 679 949 756 {quu-

566 755 639 809 niam
653 753 672 824 †
684 753 769 809 irater

567 835 629 880 tuus
640 824 734 892 venit,

567 906 596 953 et
608 897 708 953 occidit
724 911 773 968 pa-

568 978 609 1025 ter
624 979 685 1025 tuus
697 970 738 1023 vi·

567 1040 655 1122 tulum
671 1040 750 1096 illurn

568 1123 737 1195 saginatum;

569 1199 768 1311 lllutlll.

571 1325 616 1383 28.
639 1327 750 1395 recepit.
766 1325 823 1382 lra-

149 478 209 537 ter‚
223 466 335 541 peccari

147 542 304 606 dumetum,

148 620 336 677 mmmm

147 684 270 758 jamnon
285 697 346 739 snm

151 756 249 825 dignus
262 768 309 808 vo-

150 825 352 885 mmmm

149 897 195 957 22.
219 914 261 954 us.
274 897 366 954 ¹Dixit

152 978 244 1029 autem
259 978 337 1039 quater

150 1044 185 1100 ad
200 1056 302 1115 pueros
316 1056 363 1097 su-

151 1128 203 1171 os:
220 1112 346 1169 Celerius

151 1184 275 1258 proierte

153 1256 254 1314 stolam
269 1254 341 1325 prio·

152 1344 230 1391 rem.
248 1338 275 1383 et
291 1326 368 1384 indu·
444 1324 456 1343 ⁹

153 1399 192 1458 ite
204 1399 280 1456 illum
292 1440 299 1464 ,
312 1409 340 1455 et
573 1409 615 1454 tus
629 1406 670 1453 est
685 1408 788 1467 autem,

153 1470 217 1528 date
231 1472 342 1526 anulum
569 1479 598 1527 et
611 1470 621 1501 ¹
635 1469 721 1525 noluit
733 1470 772 1526 in·

154 1543 183 1599 in
198 1556 278 1598 manu
292 1541 345 1596 illi·
570 1550 653 1597 trare.

154 1629 198 1680 us,
217 1621 245 1670 ct
259 1614 358 1669 calcia·
570 1613 701 1683 Egressus
715 1612 752 1687 (b)
767 1628 811 1669 au·

155 1693 248 1742 menta
261 1685 287 1740 in
301 1700 346 1755 pe·
569 1682 657 1755 tem†
672 1693 751 1755 pater
762 1685 789 1739 il-

153 1756 200 1814 ii.
217 1757 296 1812 dibus
310 1756 385 1828 eius,
397 1765 426 1814 et
569 1757 640 1822 lius,
655 1755 745 1825 coepit

155 1828 282 1886 adducite
294 1830 334 1884 ri·
571 1841 753 1899 rogareeum.

155 1901 241 1956 tulum
254 1900 330 1956 illurn
571 1899 617 1954 29.
641 1896 700 1969 lpse
715 1907 806 1956 autern

156 1973 326 2044 saginatum,
572 1968 759 2040 respondens,

157 2053 186 2101 et
198 2042 324 2110 occidite,
572 2044 610 2098 ait
627 2042 695 2111 patri
709 2057 760 2099 suo
775 2061 783 2098 ε

157 2125 187 2173 et
200 2116 347 2173 manduce·
573 2113 585 2146 ⁸
600 2113 671 2170 Ecce
687 2122 726 2169 tot
739 2129 783 2171 an·

156 2203 229 2255 xnus,
241 2199 267 2243 et
282 2203 365 2256 aepu·
572 2186 616 2241 nis
631 2186 722 2240 servio

155 2257 203 2314 at.
224 2259 328 2324 lemur;
344 2274 413 2331 quo·
572 2255 634 2324 tibi,
651 2264 679 2311 et
691 2271 771 2312 num·

156 2332 229 2386 niam
244 2332 288 2386 bic
300 2330 349 2386 lili·
572 2343 652 2456 fluam
669 2343 743 2383 man·

592 2410 664 2455 atum
682 2410 720 2455 tu·
763 2398 768 2407 '

572 2487 618 2526 um
632 2481 748 2542 praetcr-

572 2542 620 2608 ibi,
635 2552 662 2598 ct
674 2559 747 2599 itum·

572 2631 652 2684 quam
665 2614 758 2672 dedis·

574 2689 594 2742 ti
610 2688 675 2742 milti
690 2686 755 2743 bae-

534 2809 540 2825 ,
573 2758 655 2824 dum.
672 2768 702 2812 ut
714 2774 775 2814 cunr

575 2830 669 2886 amicis
686 2845 744 2886 rne-

576 2901 599 2956 is
612 2901 764 2965 aepularer.

576 2973 620 3030 30.
641 2971 709 3028 Cutn
721 2984 812 3031 autem

577 3043 648 3099 lilius
663 3054 725 3099 tuus

577 3115 639 3183 nte,
651 3115 696 3187 qui
709 3130 801 3175 conte-

577 3187 617 3242 dit
631 3203 739 3243 trmrretn

577 3257 734 3315 facultatem

577 3344 653 3386 suam
667 3331 763 3387 vivens

576 3416 637 3458 curn
654 3402 739 3458 iorni·
870 3465 872 3470 ¹

576 3473 673 3535 cariis.
688 3476 778 3545 venit,

575 3556 604 3602 et
617 3547 741 3603 occidisti

574 3612 688 3674 vituluni
703 3619 779 3676 illum

157 2417 190 2458 us
201 2417 279 2459 meus
291 2417 359 2459 mor·

157 2481 220 2530 tuus
233 2473 340 2541 luerat,

158 2556 186 2602 et
200 2547 316 2612 revixit;
332 2560 376 2615 pc·

158 2619 259 2685 rierat‚
273 2628 301 2673 ct
315 2618 358 2672 in-

158 2699 256 2747 ventus
270 2697 322 2745 est.

158 2759 195 2817 Et
209 2768 360 2830 coeperunt

159 2833 298 2902 aepulare.

159 2903 204 2959 25.
228 2903 293 2959 Erat
306 2910 396 2959 autem

159 2974 231 3031 illins
246 2974 320 3029 illius

160 3047 254 3103 senior
268 3047 294 3101 in
309 3062 334 3101 a·

160 3132 227 3190 gro:
242 3128 270 3173 et
283 3131 345 3173 cnm

159 3190 281 3273 reniret,
298 3188 346 3245 ad·

160 3276 329 3333 prtrptnqua-

160 3331 200 3389 vit
213 3332 323 3400 domui,
335 3340 363 3388 et

161 3402 246 3461 audiit
267 3419 341 3477 sym·

160 3475 295 3603 {ironiam
312 3484 341 3533 et

181 3548 208 3606 d.
229 3548 360 3616 eborum;
376 3557 405 3605 et

161 3623 268 3676 vocavit
283 3636 379 3690 arnum·

1709 254 1796 325 *w

1213 371 1330 433 CODEX
1347 374 1577 433 tubunensts.

1000 467 1100 534 Pater,
1116 469 1226 540 peccari

1000 539 1030 597 in
1044 540 1150 596 caelum
1164 582 1172 607 ‚

999 621 1028 668 et
1045 611 1072 667 iu
1088 621 1131 678 te;
1146 612 1203 685 jam

1000 698 1055 739 non
1071 697 1130 738 sum
1145 685 1184 741 di·

999 770 1070 823 gnus
1086 757 1177 812 vocari

1000 826 1075 883 illius
1088 835 1160 883 tuus.

999 899 1047 954 22.
1070 899 1143 954 dixit
1155 908 1245 957 autem

1000 980 1080 1043 pater
1094 970 1154 1042 ejus

1000 1042 1035 1098 ad
1051 1056 1145 1098 servos
1160 1058 1225 1101 snos
1241 1063 1248 1098 :

999 1112 1061 1169 Cito
1073 1113 1194 1185 prolerte

1002 1184 1071 1240 milri
1086 1187 1185 1242 stolam

1000 1256 1077 1312 illam
1091 1258 1219 1328 primam,

1000 1337 1029 1383 et
1043 1329 1148 1385 induite

1000 1399 1096 1465 illum,
1109 1410 1138 1456 et
1152 1400 1215 1458 date

1000 1473 1112 1527 anulum
1130 1472 1157 1528 in

1001 1559 1083 1599 manu
1098 1543 1173 1613 ejus,

1001 1625 1029 1671 et
1043 1616 1202 1672 calciamen-

1002 1696 1029 1743 ta
1045 1687 1073 1742 iu
1090 1686 1167 1756 pedi·

1002 1759 1049 1814 25.
1071 1760 1122 1814 bus
1136 1758 1212 1829 ejus,
1227 1768 1255 1816 et

1002 1829 1130 1887 adducite
1144 1835 1181 1886 ri·

1003 1902 1089 1958 tulurn
1104 1903 1179 1957 illurn

1002 1973 1167 2044 saginatum,

1003 2054 1033 2102 et
1044 2045 1162 2102 occidite

1003 2132 1075 2184 eum,
1088 2127 1117 2174 et
1131 2133 1205 2173 man·

1002 2188 1134 2245 ducemus
1146 2233 1154 2255 ‚
1168 2199 1196 2246 et
1209 2203 1294 2261 aepu-

1000 2260 1047 2316 at.
1068 2260 1171 2327 lemur,
1186 2260 1250 2332 quia

1002 2330 1049 2388 hic
1064 2332 1135 2387 lilius

1003 2418 1083 2461 meus
1099 2414 1222 2462 mortuus

1002 2474 1107 2542 luerat,
1120 2484 1148 2531 et

1004 2547 1118 2615 revixit;
1136 2562 1182 2618 pe·

1004 2619 1104 2681 rietat.
1119 2629 1148 2675 et

1004 2689 1131 2746 inuentus
1144 2699 1196 2746 est.

1005 2761 1039 2818 Et
1053 2771 1201 2831 coeperunt

1004 2833 1137 2901 aepulari.

1004 2903 1051 2960 25.
1073 2904 1140 2960 Erat
1152 2914 1242 2962 antem

1006 2974 1080 3031 lilius
1095 2976 1154 3042 cius

1006 3047 1098 3103 senior
1110 3049 1138 3104 in

1006 3132 1072 3190 agro
1089 3136 1096 3172 :
1111 3119 1250 3176 ellectum

1007 3198 1066 3256 est,
1082 3205 1142 3246 curn
1158 3206 1206 3247 ve·

1006 3260 1097 3328 niret,
1110 3273 1138 3318 et
1151 3263 1199 3319 ad-

1007 3333 1146 3404 propiaret

1008 3404 1118 3474 damui,
1131 3405 1216 3462 audiit

1008 3478 1213 3548 symphoniam,

1009 3557 1038 3603 et
1051 3547 1167 3616 choros;

1008 3618 1054 3675 su.
1076 3632 1104 3675 et
1118 3621 1224 3678 vocavit

1010 3707 1093 3747 unuin
1109 3692 1144 3749 de

1416 471 1517 535 servis.
1539 479 1568 526 et
1581 470 1622 527 in·

1416 543 1583 613 terroparit,

1416 630 1547 686 quaenam

1417 687 1484 742 baec
1498 694 1600 742 essent.

1415 757 1460 813 st.
1484 757 1564 826 isque
1575 756 1643 812 dixit

1416 831 1441 885 ei
1459 847 1466 884 :
1483 828 1522 900 (n)
1535 827 1636 899 Quia†

1417 901 1504 957 irater
1515 913 1576 956 tuus

1417 974 1510 1037 uenit.
1526 982 1554 1029 et
1568 987 1615 1027 oc-

1416 1044 1484 1101 cidit
1500 1054 1576 1114 pater

1417 1125 1481 1172 tuus
1496 1116 1607 1171 vitulum

1416 1188 1491 1244 illum
1506 1188 1673 1258 saginatum

1415 1261 1480 1385 quia
1495 1260 1601 1315 salvum

1416 1331 1424 1387 i
1438 1331 1492 1386 lunt
1507 1331 1620 1400 recepit.

1416 1401 1462 1458 28.
1483 1401 1641 1474 indignatus

1416 1482 1458 1530 est
1470 1484 1578 1541 autern,
1592 1485 1620 1531 et

1417 1545 1527 1602 nolebat
1538 1547 1578 1600 in-

1416 1625 1499 1673 trare.
1520 1615 1601 1672 Pater

1429 1686 1454 1771 b)
1469 1703 1534 1744 vero
1548 1687 1570 1759 †
1583 1688 1618 1743 il-

1428 1776 1470 1815 tus
1486 1773 1612 1829 egressus
1624 1800 1632 1826 .

1418 1832 1508 1903 coepit
1523 1845 1619 1901 rogare

1417 1902 1464 1957 29.
1485 1902 1573 1959 illum.
1596 1900 1638 1957 lu

1417 1974 1464 2030 ille
1475 1973 1644 2041 respondens
1656 2014 1664 2039 ‚

1417 2045 1487 2102 dixit
1502 2046 1574 2171 {atri

1418 2132 1487 2172 suo:
1527 2132 1575 2173 cce
1589 2125 1629 2172 tot

1419 2189 1498 2244 arinis
1514 2187 1604 2244 sertio

1421 2261 1488 2327 tibi,
1503 2268 1531 2316 et
1544 2276 1624 2316 nuln-

1420 2347 1500 2401 quam
1518 2331 1632 2387 mauda-

1421 2412 1478 2458 tum
1495 2413 1570 2460 tuum

1421 2475 1584 2545 praeteribi:
1598 2482 1628 2532 et

1420 2562 1569 2618 numquam

1419 2617 1518 2744 dedisti
1530 2618 1579 2675 mi·

1429 2707 1446 2747 ιι
1451 2727 1675 2749 ........

1420 2771 1450 2818 ut
1459 2777 1521 2818 cum
1535 2761 1629 2818 amicis
1640 2758 1710 2818 meh

1421 2835 1573 2906 aepularer.

1421 2906 1467 2963 ab.
1489 2906 1543 2962 Sed
1559 2913 1635 2976 post-

1423 2993 1503 3049 quam
1518 2976 1590 3034 iilius

1424 3059 1486 3106 tuus
1498 3049 1560 3115 bic,

1423 3123 1468 3191 qui
1484 3120 1568 3177 devo·

1423 3192 1629 3248 ravitsubstan·

1425 3263 1490 3318 tiam
1504 3278 1565 3319 cunr
1578 3277 1634 3318 ιιιι-

1424 3334 1586 3402 retricibus,

1423 3409 1513 3475 uenit,
1528 3416 1556 3462 et

1422 3479 1548 3535 occidisti

1423 3550 1462 3604 illi
1476 3551 1590 3605 titulum

1423 3621 1499 3676 illum
1514 3621 1584 3693 sagi·

1426 3702 1530 3749 natum.

162 3691 196 3748 de
211 3692 319 3764 pueris,
334 3701 363 3749 st
576 3691 740 3762 saginatum.

819 3804 936 3865 counit
954 3804 1149 3866 baratonus,

163 3905 243 3963 Pater
260 3904 367 3977 peccari
384 3904 409 3958 in
427 3903 542 3959 caelum.
555 3912 583 3958 et
600 3917 691 3958 coram
711 3912 745 3957 te.
754 3902 809 3972 jam
827 3915 882 3956 non
901 3915 960 3955 snm
1016 3900 1142 3955 namhoc
1158 3909 1239 3956 osset.
1256 3899 1296 3955 Ad
1311 3900 1358 3958 ille
1376 3899 1444 3956 dixit
1461 3900 1512 3956 illi.
1534 3899 1629 3956 Frater
1651 3909 1714 3954 tuus
1733 3898 1811 3955 venit

163 3976 259 4048 dignus
274 3974 366 4031 rotari
378 3974 447 4030 illius
460 3986 529 4029 utus.
544 3973 718 4030 uiritantem
735 3981 811 4041 pater
821 3973 854 4027 ad
868 3986 962 4028 serlus
1015 3982 1043 4029 et
1054 3972 1153 4027 (accidit
1165 3981 1241 4039 pater·
1261 3981 1321 4027 turus
1334 3974 1448 4027 vitulum
1462 3973 1612 4040 saginatum
1627 3972 1690 4039 quia
1703 3970 1812 4026 salvum

163 4063 238 4105 suos.
250 4047 311 4103 Cito
320 4045 440 4117 prolerre
450 4047 547 4101 stolam
560 4048 684 4115 primam.
695 4044 832 4101 etinduite
841 4044 961 4100 illum.et
1015 4045 1090 4099 illum
1109 4045 1219 4109 recepit.
1235 4044 1391 4114 indignatus
1401 4053 1444 4098 est
1455 4052 1545 4099 autem
1555 4054 1583 4099 et
1593 4042 1703 4099 nolebat
1713 4043 1814 4099 introi·

163 4120 226 4175 dato
236 4120 364 4174 anuinium
378 4118 404 4172 in
413 4133 492 4172 motin
505 4117 573 4187 ejus.
584 4118 793 4173 etcalciarnenta
808 4117 835 4170 in
849 4115 961 4184 podibus
1014 4130 1054 4170 re.
1070 4114 1151 4170 Pater
1161 4116 1200 4185 (bl
1211 4131 1275 4170 vero
1287 4116 1306 4188 ,tc
1320 4115 1393 4170 illius
1407 4130 1533 4186 egressus
1542 4114 1617 4170 loris.
1629 4114 1720 4182 coepit
1732 4114 1813 4171 illurn

163 4192 258 4261 eiuset
270 4190 394 4246 adducite
405 4191 517 4245 vitulum
529 4188 838 4260 saginatmnotoecidte.
848 4198 961 4242 etman-
1014 4202 1120 4257 rogare.
1131 4185 1172 4241 dd
1188 4187 1231 4241 ille
1245 4189 1411 4258 respondens
1422 4187 1489 4242 dixit
1505 4187 1572 4256 patri
1582 4200 1641 4241 suo.
1655 4186 1814 4257 Eccequod

162 4262 464 4329 ducantesaepulemur.
474 4261 587 4330 quiabic
597 4260 758 4316 liliosmeus.
769 4269 891 4314 ritortuus
903 4269 962 4313 orat
1015 4257 1093 4313 annis
1106 4258 1196 4313 servio
1205 4257 1265 4312 tibi.
1278 4270 1304 4314 et
1319 4273 1383 4313 nom
1403 4273 1464 4312 uam
1475 4259 1628 4312 mandatum
1638 4268 1715 4312 tunm
1730 4272 1814 4326 prea-

163 4344 193 4391 et
207 4337 315 4390 revixit.
327 4333 671 4404 perieratetinveotusest.
683 4330 961 4402 Eteoeperuntaepu·
1016 4330 1088 4396 terii,
1104 4338 1131 4384 et
1147 4330 1212 4384 nrilti
1225 4346 1370 4400 rrurnquarn
1383 4274 1482 4385 dedisti
1497 4329 1597 4385 hedum
1621 4340 1650 4385 ut
1664 4343 1728 4384 eutn
1743 4331 1816 4384 ami·

163 4405 222 4461 lari.
237 4407 396 4461 llratautam
408 4405 478 4459 illius
494 4405 552 4474 ejus
561 4404 652 4460 senior
662 4405 687 4458 in
701 4418 766 4472 agro
778 4411 806 4458 et
816 4416 876 4456 cum
889 4403 962 4455 veni-
1014 4401 1055 4456 eis
1072 4401 1140 4456 meis
1158 4402 1307 4470 aepularer.
1332 4401 1475 4469 Postquain
1489 4412 1579 4458 autem
1603 4400 1674 4456 lilius
1688 4412 1753 4454 tuus
1770 4400 1817 4458 iric

163 4487 215 4534 ret.
233 4486 261 4532 et
273 4477 503 4548 adpropinquaret
520 4477 613 4533 dramni
628 4473 733 4530 audivit
749 4471 921 4545 symfoniam.
936 4479 964 4526 et
1014 4472 1098 4527 renit.
1109 4473 1155 4543 qui
1168 4473 1309 4528 devorarit
1322 4473 1500 4528 substantiam
1513 4489 1589 4528 suam
1604 4488 1665 4528 ento
1686 4473 1818 4530 meretri·

163 4542 963 4618 chorumetvocaritunumdesernis‚etinterrcqavit.quid·
1015 4543 1092 4600 cibus
1116 4544 1238 4600 occidisti
1259 4544 1296 4599 illi
1310 4545 1422 4601 vitulum
1434 4544 1596 4617 saginatum.
1613 4609 1615 4613 ‚

813 4635 929 4695 cubsx
941 4634 1176 4695 consaldusts.

1047 4732 1094 4788 at.
1114 4731 1214 4788 occidit
1227 4731 1339 4789 uitulum
1354 4731 1427 4790 illum
1443 4732 1606 4805 saginatum.
1644 4728 1648 4733 ’

199 4709 245 4794 22.
262 4739 359 4794 stolam
374 4737 448 4793 illam
462 4737 589 4807 primam.

1048 4806 1094 4863 50.
1112 4803 1255 4862 devorarit
1268 4804 1279 4837 ⁸
1292 4805 1471 4862 substantiam
1486 4813 1560 4862 tuam
1573 4805 1605 4877 †.

200 4811 246 4866 25.
266 4810 392 4866 adducite
405 4810 518 4866 vitulum
536 4809 611 4863 illum
625 4805 789 4878 saginatum.

200 4882 246 4938 ab.
266 4882 453 4955 interrogarit,
467 4896 537 4953 qnae
550 4878 660 4937 essem?

787 4969 983 5030 VARldNTES
1001 4965 1205 5026 cucurbitus

198 5073 206 5105 ¹
226 5072 279 5123 (iot.
292 5080 358 5131 tuus,
368 5072 405 5123 lac
424 5085 464 5122 me
481 5084 556 5122 unum
573 5070 606 5122 de
627 5069 787 5120 mercenariis
806 5068 863 5119 tuis.
876 5067 963 5132 ¹[lixit.
1047 5066 1058 5098 ⁸
1075 5063 1128 5114 Gal.
1142 5061 1205 5112 Ecce
1218 5066 1278 5125 quot
1287 5062 1343 5112 anni
1355 5062 1415 5112 lim.
1427 5059 1491 5114 Ecce
1502 5066 1564 5127 quot
1573 5063 1637 5114 anui.
1655 5059 1733 5126 Vulq.
1749 5060 1819 5116 Eoos

167 5138 226 5187 lim.
240 5135 279 5186 lac
287 5150 328 5185 me
338 5139 401 5186 sicut
413 5147 497 5185 unum.
514 5135 587 5200 Vulq.
602 5141 666 5184 tuus.
680 5134 756 5185 Dixit.
1017 5130 1054 5179 tot
1065 5126 1144 5198 annis.

199 5196 617 5259 ¹dot.notuttvmtre....ltqressus
626 5203 707 5263 est,...
716 5192 965 5259 coepitllmAEgres·
1047 5188 1059 5219 ⁴
1075 5189 1105 5238 Et
1116 5193 1152 5239 tto
1161 5189 1221 5239 lam.

167 5269 287 5327 tuaest,..
304 5263 394 5326 coepit.
405 5259 585 5326 Vulpnolebrt
594 5257 961 5323 introire...Egressus,ooupit.

510 5364 658 5407 tscxlottss
667 5362 769 5405 conluta
782 5355 987 5403 utttbssouttttsts
1000 5356 1138 5397 ABBUNTES
1152 5357 1187 5397 til)
1201 5356 1328 5398 xbtrtottl:
1342 5356 1474 5398 tundant.

197 5468 240 5520 bl.
256 5469 430 5520 etlnle:uon
445 5480 508 5518 suro.
540 5465 677 5516 fistulam
696 5462 763 5513 illam
778 5463 887 5523 primam.
920 5459 961 5509 23.
1043 5455 1124 5508 aser
1143 5458 1228 5508 noluit.
1261 5458 1379 5525 29.un
1395 5457 1684 5524 mnis....prtetcrii‚et
1702 5470 1756 5512 bon
1774 5461 1823 5515 de·

167 5531 272 5584 vitulum
290 5531 367 5582 illum.
399 5530 439 5582 ΞΒ.
451 5531 609 5594 appropiaret
627 5526 720 5578 domui.
753 5522 791 5575 ab.
814 5535 878 5587 quae
902 5522 963 5571 baec
1013 5518 1082 5571 disti.
1115 5520 1155 5570 5⁰.
1168 5522 1285 5575 occidisti.

169 5593 274 5647 ementi
304 5595 343 5646 π.
356 5594 394 5645 dd
408 5594 451 5645 ille
468 5594 533 5646 dixit
544 5593 569 5643 ei
583 5590 717 5644 :Frater...
734 5585 849 5651 quautam
861 5583 963 5634 salsum.

827 5689 1014 5754 stabulant
1030 5694 1146 5752 NOTAE.

207 5780 246 5866 la)
262 5784 434 5868 adulterata,
447 5795 606 5856 ettamtert.
620 5790 668 5851 ur.
681 5783 729 5852 lo.
745 5816 781 5837 2-
793 5789 832 5867 (t)
844 5790 919 5848 laet
931 5788 992 5848 cod.
1005 5778 1084 5852 dant.
1099 5788 1135 5847 tt.
