3810 6144
123 240 178 299 sas
457 236 665 299 ousunuato
681 236 760 297 coo.
781 238 838 297 us.
857 222 1121 299 unaco-taust
1140 236 1426 301 sutusetronust.
1723 238 1779 299 sm

486 483 765 578 EPISTOLA
804 490 1124 576 BLANCHINI
1162 488 1408 576 ALTERA.

122 670 297 715 assensurus
309 668 395 713 coust
409 668 453 713 tte.
466 668 690 713 caeco-tarmus
704 666 915 711 avtuesutouutt
933 666 1118 721 praesonuit,
1132 667 1160 709 tu
1171 668 1347 712 ututtorttaas
1361 668 1582 713 caartottotettst
1597 668 1777 715 assueveras.

749 775 1213 833 -4pgqp—

119 906 164 965 ct.
178 920 210 962 ae
222 904 386 963 doctisono
396 904 457 961 viro
470 902 598 976 Philippo
611 902 704 959 abbati
723 900 863 958 Garbeliio
877 914 925 970 pa·
936 901 962 963 Α
975 915 1056 971 qnam
1070 900 1171 967 adbtsc,
1182 900 1256 973 qnod
1267 901 1363 970 sciam,
1375 904 1397 959 si
1409 901 1652 973 blontiattcoaium,
1663 919 1780 977 paucos·

158 999 238 1055 tricio
249 998 378 1055 briviatto
399 996 503 1067 loseplt
524 994 692 1051 illanclsious
712 990 879 1051 Veronensis
892 990 922 1047 S.
974 1012 1028 1069 que
1039 996 1110 1052 alios
1123 996 1256 1067 excipias,
1271 998 1350 1068 cujus
1363 996 1417 1052 siat
1432 996 1702 1070 acutissimamque,
1716 1015 1781 1071 pro-

157 1092 190 1149 P.
203 1092 235 1149 b.
974 1092 1091 1161 diderit;
1105 1110 1159 1149 nott
1170 1095 1291 1151 alienum
1303 1094 1396 1165 putavi
1411 1097 1505 1152 testari
1523 1096 1582 1162 tibi,
1599 1098 1710 1169 quidde
1724 1098 1781 1157 illis

156 1182 860 1253 Nun0⁵nescitis,Galbiflitloestsiillletbilbilim
872 1178 924 1235 Si·
974 1190 1082 1259 opiner.
1119 1188 1251 1246 (Iudicem
1283 1188 1494 1261 Evangeliornm
1525 1191 1781 1265 casstabrigiensem

119 1292 229 1336 eratum
259 1279 412 1336 litterarum
440 1278 563 1335 cultores
579 1276 752 1348 perceperint
777 1272 922 1329 utilitatem
974 1281 1214 1340 &melerinum
1245 1293 1327 1339 antea
1354 1283 1507 1341 describam
1535 1300 1569 1343 et
1599 1285 1696 1343 eodem
1719 1286 1805 1353 pm..

120 1388 153 1431 ct
169 1370 268 1443 insigni
289 1371 334 1427 illa
348 1371 470 1427 editione
499 1369 619 1441 Vlthttioe
642 1368 761 1437 rlsttiqua
783 1365 924 1420 laditnoetl
974 1374 1022 1433 lio,
1045 1374 1080 1431 Ει
1102 1378 1228 1447 qnppppis
1254 1376 1309 1433 sint
1335 1377 1389 1433 ῙΙΙςρ
1413 1378 1580 1435 membratim
1606 1395 1655 1449 pop
1671 1380 1780 1451 aliqum

120 1464 200 1521 Itala
213 1462 345 1520 Vetulonis
359 1462 497 1534 Evangelii
510 1460 653 1517 secundam
668 1458 834 1524 blattbamm,
855 1472 924 1512 eue·
974 1466 1152 1540 velegiae,
1168 1484 1316 1541 numquam
1341 1479 1432 1526 tamen
1448 1481 1623 1542 propin-eps
1647 1470 1778 1543 adducar,

120 1561 271 1617 iustissimis
292 1568 371 1616 eruta
398 1558 593 1625 britaniensis,
617 1557 704 1611 stadio
724 1566 747 1611 ct
770 1556 859 1611 labore
885 1554 921 1609 lb.
973 1568 1003 1615 ut
1014 1561 1132 1629 aliquem
1158 1577 1269 1617 versum
1291 1562 1346 1620 mei
1371 1562 1564 1635 Quadruplicis
1589 1564 1781 1637 Evangeliarii

120 1654 231 1711 dossenis
247 1654 410 1725 martianay,
436 1653 584 1726 Presbyteri
599 1650 761 1707 Bettedictiai
775 1667 789 1705 e
809 1648 923 1720 Congre-
973 1657 1115 1723 castigem;
1130 1654 1271 1724 quoniam,
1293 1656 1317 1709 si
1332 1669 1379 1711 eas
1394 1654 1558 1728 quandoque
1577 1672 1707 1727 sequare,
1730 1656 1782 1713 ial-

119 1750 270 1827 pusiones.
286 1748 387 1815 blansi,
409 1764 490 1820 quain
506 1749 564 1818 ipse
579 1747 696 1817 primunt
713 1743 825 1799 Parisiis
849 1756 923 1799 anno
973 1745 1050 1811 laris,
1066 1756 1113 1801 ant
1124 1747 1213 1803 lalles.
1231 1748 1281 1803 Est
1294 1749 1422 1821 equidem
1444 1750 1534 1806 Codes
1549 1750 1597 1807 ilie
1621 1751 1781 1823 antiquissi-

123 1842 194 1901 tout
210 1840 345 1898 litterario
364 1841 424 1897 orbi
450 1839 574 1896 tradidit.
589 1836 667 1907 Quod
695 1834 805 1906 quidem
823 1835 865 1890 vel
885 1849 920 1890 ex
974 1851 1044 1903 uttts,
1057 1838 1105 1894 sed
1123 1838 1289 1907 stscndusus,
1313 1848 1343 1896 ut
1362 1842 1468 1898 caeteri.
1494 1840 1604 1898 Retinet
1624 1843 1686 1915 ipse
1704 1844 1780 1901 anti-

120 1952 155 1995 eo
164 1946 261 2007 aperte
270 1934 400 2007 cognosci
416 1942 520 2006 potest,
529 1932 603 2004 qnod
616 1930 716 2000 ubique
730 1929 812 1985 Liber
824 1928 872 1985 ille
885 1928 922 1983 ita
973 1946 1054 2000 quam
1067 1931 1171 1999 italam,
1185 1948 1246 2005 qtae
1261 1942 1352 1991 tamen
1373 1934 1496 1992 cariosas
1510 1944 1537 1991 et
1561 1934 1708 1993 edentulae
1720 1937 1780 1996 lee-

120 2029 239 2087 feliciter
248 2037 380 2100 exceptas
392 2037 446 2095 est,
462 2037 492 2083 ut
502 2026 608 2083 venialis
634 2024 768 2081 bodierna
785 2022 830 2079 die
851 2021 922 2094 apud
974 2023 1165 2082 tionesltabet.

120 2134 232 2181 nostros
242 2123 324 2180 italus
340 2122 503 2194 bibliopolas
519 2122 632 2177 minime
645 2119 815 2191 reperiatur;
827 2133 923 2191 qnam·
1009 2116 1097 2174 Gracci
1119 2118 1236 2174 adeundi
1252 2126 1316 2175 sunt
1330 2119 1455 2186 codices,
1470 2120 1520 2175 sed
1538 2120 1705 2192 incorrupti,
1718 2122 1780 2181 siae

119 2218 164 2275 ris
178 2218 269 2275 nullus
291 2217 407 2273 exsistat
429 2217 587 2272 Divinarum
611 2214 815 2285 scripturarum
830 2212 922 2268 studio
973 2212 1072 2283 quibus
1098 2229 1180 2272 aenio
1208 2224 1284 2285 patet
1305 2216 1399 2273 italam
1417 2218 1546 2285 investiri,
1570 2236 1604 2277 ae
1628 2222 1778 2292 inventam,

121 2310 262 2377 incensus,
279 2311 325 2378 qni
339 2309 399 2380 ejus
416 2310 533 2367 lectione
547 2324 641 2365 carere
656 2308 712 2363 ullo
727 2307 809 2362 titudo
823 2305 919 2378 possit.
935 2305 960 2367 B
972 2305 1078 2376 absque
1092 2307 1209 2365 maculis
1219 2309 1263 2365 edi
1275 2324 1366 2379 posse.
1380 2310 1436 2383 Ego
1452 2328 1540 2383 usqne
1559 2314 1684 2370 [lactoris
1696 2313 1781 2372 blasi·

120 2404 212 2475 Quare
232 2404 258 2460 ist
280 2403 486 2474 Prulcgomcnis
507 2402 587 2473 buius
604 2399 786 2471 lit-angeliacii
799 2396 924 2467 Quadru-

121 2499 210 2571 plieis,
224 2500 352 2570 quioniam
365 2497 433 2553 milti
444 2511 512 2568 opus
525 2506 584 2553 erat
606 2495 640 2551 de
657 2497 769 2565 antiqua
780 2493 847 2550 itala
862 2510 923 2550 rer·

119 2591 199 2649 sione
213 2588 307 2647 batista
322 2590 405 2645 multa
421 2587 547 2660 praefari,
569 2604 603 2643 ne
618 2588 687 2644 itvrte
701 2586 809 2643 viderer
825 2586 924 2657 aliqui·

119 2684 172 2743 bas
186 2700 244 2742 rem
269 2700 284 2740 a
307 2683 509 2756 sapientissimo
535 2682 693 2738 blartianao
707 2680 795 2736 multo
808 2680 923 2752 diligen-

120 2780 188 2849 tius,
200 2780 351 2852 majorique
360 2795 423 2835 casm
439 2778 584 2850 dignitate,
600 2792 681 2849 quam
694 2776 728 2833 tle
740 2791 783 2832 tue
798 2774 922 2845 polliceri

119 2874 261 2941 auderem,
274 2874 438 2945 impactam,
450 2886 547 2945 agere,
563 2870 716 2927 existimavi
732 2870 812 2941 lungo
825 2868 924 2925 melius

119 2968 187 3027 lutis
198 2969 312 3025 editioni
327 2967 496 3035 consultum,
510 2977 538 3023 et
551 2982 565 3021 a
583 2982 626 3022 me
641 2964 803 3035 prudentius
822 2962 922 3019 lactum

119 3060 168 3131 iri,
183 3062 205 3118 si
221 3073 256 3129 te,
273 3060 479 3133 aliosqueltalsc
501 3060 634 3115 versionis
647 3070 786 3115 amatores
812 3058 923 3113 invitas·

975 2398 1011 2454 mi
1028 2399 1180 2457 institutum
1195 2402 1262 2458 satis
1278 2402 1407 2469 laudare,
1424 2420 1476 2461 nee
1495 2405 1650 2477 aliquorum
1672 2406 1781 2465 animo-

973 2492 1082 2549 sitatem
1097 2484 1164 2549 ¹satis
1183 2495 1276 2552 mirari
1289 2511 1372 2567 queo,
1394 2498 1494 2568 quibus
1519 2498 1596 2555 labor
1611 2498 1781 2571 literonpni,

973 2588 1019 2659 qui
1035 2588 1140 2644 aditum
1167 2590 1220 2645 sibi
1242 2588 1277 2645 ad
1302 2590 1466 2659 purissimos
1492 2590 1604 2649 urucas
1622 2594 1711 2649 iontes
1732 2606 1783 2662 pro

974 2679 1147 2737 emendando
1160 2680 1258 2740 Latino
1272 2684 1609 2755 quatuorlivangeliornm
1623 2685 1721 2743 codiee
1732 2700 1782 2757 pa-

975 2772 1079 2831 tefecit.
1095 2775 1280 2846 improbatum
1297 2777 1426 2849 quoniam
1439 2778 1641 2836 correctionem
1656 2794 1734 2837 suam
1747 2796 1783 2839 ex

974 2867 1094 2923 coenosis
1109 2868 1162 2925 illis
1182 2884 1214 2925 ac
1243 2869 1409 2927 turbulentis
1425 2870 1583 2927 Latinorum
1601 2871 1783 2945 interpretum

975 2960 1083 3017 laeunis
1094 2960 1274 3017 hauriendam
1285 2976 1348 3019 esse
1363 2977 1416 3017 nou
1432 2962 1519 3019 duait.
1534 2962 1672 3021 derisores
1685 2964 1784 3023 babuit

974 3056 1158 3130 llicrunpsnus
1177 3072 1226 3113 sna
1244 3058 1327 3113 etiam
1354 3067 1450 3125 aetate3
1470 3058 1533 3129 qui,
1553 3069 1583 3115 ut
1607 3059 1668 3132 ejus
1691 3059 1779 3117 labori

119 3168 181 3211 scm
196 3154 237 3225 (a)
256 3153 290 3209 ad
312 3151 427 3225 legenda
450 3151 647 3223 Prolegotnena
667 3150 790 3223 eiusdem
814 3151 924 3207 llartia-

121 3247 187 3315 otei,
200 3246 248 3317 qui
258 3245 324 3301 illud
340 3255 528 3316 argumentum
542 3246 673 3317 singulari
695 3244 850 3301 eruditione
866 3254 922 3300 tra·
974 3243 1048 3315 quod
1063 3243 1285 3315 aggrediebatur,
1301 3254 1460 3315 suspectum
1474 3244 1608 3302 Ecclesiis
1629 3245 1781 3315 elicerent,

120 3337 217 3395 clarit.
231 3337 309 3394 Nattae
324 3353 390 3409 ergo
403 3338 437 3395 ad
449 3336 661 3405 ostendendum,
676 3339 781 3399 italam.
796 3346 924 3409 quaerat
975 3341 1198 3405 pramonuerunt
1211 3334 1337 3405 ignarum
1347 3335 1494 3407 vulgus,ut
1509 3338 1700 3405 caveretsibi;
1715 3353 1785 3411 quo·

120 3432 270 3489 verbosum
290 3432 448 3490 Graecorum
477 3433 613 3499 tenacior,
639 3447 701 3489 cum
728 3431 924 3503 perspicuitate
975 3428 1049 3483 niam
1080 3442 1095 3483 a
1123 3427 1231 3482 Latinis
1249 3427 1454 3498 exesttplaribns
1481 3430 1641 3486 secedebat.
1668 3431 1723 3489 Sed
1754 3432 1783 3490 iu

120 3523 240 3581 senteati
249 3542 275 3590 u,
287 3533 383 3580 nostro
391 3524 583 3595 Evangeliario
593 3525 765 3595 quadruplici
778 3524 923 3588 contineri,
975 3520 1144 3587 delusione,
1158 3536 1239 3591 qnam
1257 3537 1308 3591 pro
1326 3535 1356 3576 se
1382 3520 1541 3577 beatissimo
1562 3538 1640 3594 papiae
1663 3524 1782 3581 Damaso

121 3614 249 3674 Graecum
264 3616 426 3688 originalem
442 3624 566 3679 teatrum,
585 3618 612 3672 ia
636 3616 834 3686 antiquioribus
854 3631 921 3672 mss.
974 3615 1096 3686 scripsit,
1108 3616 1145 3669 ita
1159 3630 1221 3670 eutn
1236 3614 1370 3687 (cupiens
1383 3615 1489 3671 anialiri
1508 3631 1568 3672 ase
1579 3616 1652 3673 illam
1671 3618 1781 3689 opinio·

975 3166 1068 3206 moras
1079 3158 1232 3218 necterent,
1247 3149 1383 3222 isdemque
1403 3150 1600 3217 detraherent,
1617 3161 1699 3224 atque
1712 3165 1784 3223 opus

122 3708 202 3767 libris
226 3723 440 3781 preservatum,
462 3711 602 3767 adeatnns.
630 3711 662 3767 Si
685 3712 764 3775 enites,
782 3701 959 3780 inquiebatC
975 3708 1059 3781 nesti)
1076 3709 1240 3780 alloquitur,
1257 3717 1286 3765 et
1307 3709 1392 3765 elicit:
1417 3708 1522 3765 Noutria
1543 3710 1616 3781 Opas
1632 3715 1719 3785 [arae
1743 3732 1785 3773 me

121 3806 153 3865 S.
169 3804 362 3880 llicroupntus,
372 3806 405 3861 ad
417 3807 559 3861 Damasum
574 3806 709 3871 scribens,
722 3805 824 3860 batiais
837 3822 924 3861 eseias·
975 3805 1046 3878 coqis
1056 3821 1088 3860 ea
1102 3806 1199 3869 seseri3
1214 3814 1242 3859 at
1257 3812 1316 3873 post
1339 3806 1499 3874 saeasplaria
1515 3805 1713 3878 seripturarum
1725 3820 1779 3866 toto

121 3900 238 3975 pleribus
252 3900 318 3969 eides
337 3911 374 3956 est
394 3900 553 3965 adhibenda,
577 3900 750 3973 respondeant
762 3899 924 3970 quibusltot
978 3897 1182 3968 Orbedispersa,
1196 3898 1269 3967 qnasi
1292 3897 1400 3967 quidam
1414 3897 1513 3955 arbitsr
1531 3902 1648 3967 sedeam:
1673 3912 1697 3958 el
1723 3905 1784 3975 qaia

120 3997 190 4053 strias
211 4004 270 4051 suat
284 3996 443 4063 exemplaria
462 4014 536 4067 perse,
551 4006 612 4068 quot
637 3996 748 4051 codices.
764 3996 812 4051 Sin
837 4005 924 4050 antem
975 3996 1042 4051 iater
1055 4012 1082 4051 se
1095 3995 1279 4066 uariasss,quoe
1289 3996 1341 4050 siat
1354 3994 1413 4056 itta.
1427 4011 1485 4067 qast
1497 4012 1556 4051 cam
1572 3998 1663 4055 Grara
1675 4017 1786 4057 eonsen-

121 4091 218 4147 seritas
230 4102 267 4145 est
282 4090 423 4159 quaerenda
436 4090 469 4142 tle
481 4089 609 4162 plrtribas,
625 4106 672 4144 cur
687 4106 739 4144 noa
755 4089 789 4143 oti
805 4088 923 4144 Gnarum
977 4089 1042 4145 tiam
1061 4090 1183 4156 semente,
1203 4090 1350 4145 doceremur.
1369 4086 1434 4143 Pius
1448 4090 1540 4157 labor,
1567 4094 1613 4147 sed
1636 4095 1784 4166 periculosa

977 4181 1162 4253 prassotptio,
1176 4190 1229 4236 etc.
1247 4179 1312 4247 osis
1324 4180 1392 4235 enim
1475 4197 1534 4235 rum
1548 4182 1574 4237 irs
1601 4201 1695 4241 maasss
1710 4187 1785 4243 solst-

976 4289 1034 4329 men
1046 4274 1225 4343 assumpserit,
1237 4284 1261 4328 et
1276 4274 1401 4338 araliua,
1416 4289 1492 4342 qaam
1504 4276 1584 4331 semel
1593 4277 1702 4344 imbibit,
1714 4282 1785 4337 oide-

977 4366 1022 4431 sit,
1037 4366 1184 4439 discrepare
1204 4366 1273 4437 quod
1287 4366 1397 4433 lectitat,
1422 4383 1474 4421 aon
1497 4369 1587 4423 statim
1612 4384 1732 4444 attotpat
1755 4377 1784 4433 ist

977 4476 1075 4524 uocem,
1087 4476 1128 4514 me
1140 4460 1277 4530 ptisanam
1291 4500 1299 4525 ,
1314 4476 1355 4513 ms
1369 4458 1509 4516 classitana
1535 4479 1590 4518 esse
1608 4466 1781 4539 sacrilegum,

977 4558 1022 4629 qui
1040 4558 1151 4613 audeam
1163 4558 1265 4628 aliquid
1274 4558 1301 4611 irs
1311 4557 1438 4613 ueteribus
1451 4558 1525 4615 libris
1538 4562 1648 4633 addere,
1667 4574 1782 4635 matare,

122 4656 179 4703 tssm
203 4646 356 4722 dramatis,
383 4656 455 4713 eto,
484 4646 601 4701 codicum
625 4644 772 4700 Graecorum
791 4643 927 4698 cateridem
978 4652 1125 4723 corripere?
1140 4652 1269 4706 Adoneae
1289 4668 1366 4723 qnam
1388 4652 1513 4709 tamaium
1532 4656 1629 4729 anapia
1643 4674 1723 4716 mm
1743 4676 1786 4717 mg

122 4741 272 4803 cellatione,
284 4741 330 4797 sed
348 4739 481 4795 Veterum.
500 4740 617 4795 Sanetus
632 4752 741 4810 aptaque
757 4735 926 4809 Augustinus
978 4745 1138 4811 consolatur,
1155 4746 1304 4817 quodsttss,
1318 4746 1363 4816 qui
1377 4745 1504 4804 Summus
1522 4747 1654 4806 Sacerdos
1672 4768 1709 4817 ss,
1725 4752 1785 4824 peri

123 4831 152 4891 in
165 4836 214 4889 lib.
225 4850 243 4889 n
255 4833 289 4891 de
301 4832 429 4890 [bactrius
438 4832 594 4889 Christiana
607 4834 731 4888 eamdem
744 4830 865 4902 regulam
874 4838 927 4883 tra·
974 4838 1062 4907 jabeq
1077 4848 1102 4891 es
1115 4852 1203 4891 serum
1214 4854 1265 4892 aaa
1280 4854 1346 4903 esse,
1358 4840 1428 4909 qaod
1442 4839 1536 4908 sarias,
1548 4840 1626 4895 etiam
1642 4843 1784 4900 maledico.

123 4926 230 4983 dibile
253 4924 327 4981 italae
347 4924 481 4982 versionis
504 4926 664 4996 interprete,
690 4937 742 4995 ope
765 4921 926 4977 taisneria
977 4946 1037 4985 ηιηι
1051 4931 1196 4985 retrimenta
1216 4930 1409 5000 comprobarer.
1422 4931 1458 4987 Es
1470 4942 1532 5000 past
1548 4946 1634 5002 panea
1648 4951 1656 4989 ε
1669 4934 1785 5010 blaqaas

123 5018 250 5077 codicilli]
259 5016 442 5082 emendando,
455 5032 509 5072 lton
524 5026 565 5071 esi
576 5032 667 5070 ntuttttl
680 5022 812 5082 stultiore,
826 5029 928 5071 verenti
979 5025 1022 5079 bic
1032 5024 1059 5079 t'tt
1075 5026 1171 5079 postris
1190 5024 1323 5080 codicibus
1336 5040 1409 5079 error
1424 5025 1548 5093 inolebit:
1564 5027 1644 5095 dnm,
1662 5032 1732 5102 qud
1756 5034 1785 5089 ip

124 5110 210 5183 alispti
225 5110 355 5175 sentiant,
370 5126 405 5166 an
421 5123 510 5165 secus.
529 5109 564 5164 dt
577 5107 643 5164 illud
660 5122 749 5163 areum
765 5114 809 5162 est
832 5105 926 5163 miultis
938 5110 967 5172 1)
979 5117 1068 5172 eadem
1083 5118 1185 5173 sentias
1196 5116 1363 5188 Euangeliou
1374 5119 1434 5190 plus
1445 5118 1528 5187 disis,
1542 5119 1569 5174 in
1582 5121 1645 5188 alio,
1660 5124 1722 5191 qnia
1732 5124 1784 5179 mi·

123 5203 284 5270 ostendere,
303 5218 410 5274 aequum
425 5218 487 5259 osse
514 5202 580 5257 nvilti
607 5200 741 5268 cuttebtli,
763 5209 793 5255 ut
819 5214 871 5271 ego
892 5198 926 5256 de
979 5224 1029 5263 aas
1042 5211 1207 5281 putruerint,
1225 5209 1384 5264 addideram
1399 5225 1409 5265 .·
1423 5209 1462 5265 sel
1476 5212 1667 5268 dnmessmdsas
1680 5230 1783 5271 seasaas

125 5296 191 5357 lltla
207 5314 259 5355 non
276 5297 367 5355 minus
380 5307 438 5353 tuto
448 5297 573 5369 judicare
586 5299 699 5365 possim,
722 5311 754 5352 et
766 5294 925 5351 stracornn
978 5300 1047 5355 alias
1055 5301 1132 5355 aliter
1145 5302 1287 5371 expressit,
1302 5303 1358 5367 ille,
1372 5304 1509 5375 quianam
1521 5321 1536 5359 e
1549 5318 1661 5377 quatuor
1670 5308 1784 5380 primm

124 5396 270 5451 vetitorum
288 5394 444 5456 tenacitate,
464 5407 526 5448 enm
551 5391 746 5462 perspicuitate
769 5392 924 5449 sententiae.
979 5391 1085 5465 legerat,
1101 5395 1136 5447 ad
1147 5398 1203 5469 ejus
1222 5395 1368 5466 exemplum
1381 5408 1487 5453 caream
1499 5414 1600 5470 qtroqse
1618 5400 1785 5458 aestimaverit

123 5488 201 5545 liittit
214 5488 364 5545 editionem
375 5488 407 5543 N.
418 5488 451 5543 T.
468 5498 495 5543 tu
508 5488 563 5558 jaan
575 5488 702 5559 legendo,
722 5498 749 5543 et
762 5486 926 5559 pervolvca·
980 5489 1165 5546 eateadaados.
1188 5490 1264 5547 liade
1282 5493 1395 5561 accidit,
1421 5504 1450 5549 sss
1470 5494 1542 5563 apud
1559 5510 1605 5550 nos
1631 5497 1709 5552 mista
1732 5499 1785 5555 siat

124 5581 163 5639 du
171 5582 268 5638 trivisti
284 5598 291 5636 :
307 5596 369 5637 cum
384 5589 475 5637 antem
490 5581 620 5651 pleraque
631 5579 753 5645 illoram,
777 5594 837 5651 qna·
861 5593 927 5634 con·
980 5584 1114 5651 amoime!
1127 5585 1154 5640 iss
1169 5583 1262 5641 dares
1276 5586 1353 5656 plara
1365 5584 1455 5654 basa,
1475 5598 1551 5661 atque
1566 5588 1702 5659 tiaratae
1721 5610 1783 5649 rsr·

126 5672 200 5737 lullt,
215 5672 400 5745 Esesttplaria,
416 5680 558 5745 pervetera
572 5679 766 5738 essebonum,
780 5686 831 5726 acc
853 5672 926 5741 qnis-
981 5691 1039 5730 sum
1052 5677 1077 5731 in
1091 5676 1216 5735 ,llattbao
1226 5678 1303 5751 piam
1313 5677 1442 5747 Joattais,
1455 5689 1479 5733 et
1492 5678 1589 5745 iteret,-
1600 5692 1625 5739 et
1646 5685 1674 5741 ia
1685 5686 1785 5746 caletis

125 5788 134 5863 i
164 5786 205 5863 (a)
224 5788 292 5849 lide
306 5788 515 5861 Prolegomena,
525 5786 579 5845 eol.
591 5800 664 5861 pppp
676 5794 704 5844 et
717 5800 777 5856 seq.

121 4186 249 4259 originem
261 4192 423 4250 revertentes,
436 4200 476 4247 ea,
489 4200 546 4254 qttttb
560 4184 600 4239 uel
625 4198 641 4237 a
659 4183 758 4238 vitiosis
770 4180 924 4251 lstterpreti·

122 4278 172 4335 bss
184 4280 251 4334 male
263 4278 376 4342 reddita,
385 4279 424 4332 uel
436 4293 452 4331 a
462 4274 825 4348 praetemptoribasimperitis
839 4290 926 4330 entert-

122 4370 186 4427 dats
201 4372 357 4441 perversius,
380 4371 420 4425 uel
434 4388 450 4424 a
466 4371 579 4425 librariis
594 4367 795 4424 dormitantibus
820 4378 865 4421 aut
878 4367 925 4420 ad·

123 4462 180 4518 dita
200 4472 270 4527 suat,
294 4472 339 4517 aas
366 4472 473 4526 atutata,
504 4458 726 4532 corripimusbllt
743 4457 900 4529 paulopost
916 4474 924 4512 ε

123 4554 192 4611 Hae
216 4570 330 4625 proesens
354 4554 563 4624 Prasstismsala
587 4554 724 4627 pollicetar
742 4561 924 4621 quatstortna·
