3810 6144
103 312 158 371 569
607 316 832 377 svaudunum
850 314 1040 377 SECUNDUM
1057 316 1252 377 tottattttstt.

301 428 417 488 coust
437 431 707 491 vuucubbsdsts.
1170 433 1288 493 cobbx
1307 432 1532 494 tettottttttsts.

105 522 299 593 tusest:quia
522 526 671 583 Jobaunes.
953 525 1081 597 quonism
1102 542 1156 583 non
1371 544 1521 587 carcerem.

105 594 266 648 uoueredi-
521 598 568 654 25.
586 597 665 653 Facta
711 604 754 655 est
766 611 831 670 ergo
953 597 1111 653 crediditis
1371 601 1417 657 25.
1438 601 1520 656 Facta
1536 607 1579 657 est
1591 614 1641 657 au-

103 663 143 720 dit
157 665 184 718 in
200 665 286 721 nomi·
521 671 645 740 quaestio
658 669 699 724 in·
953 669 1064 723 nomine
1080 670 1142 724 uni·
1372 680 1427 728 tem
1443 673 1559 741 questio

104 751 138 791 ne
150 738 222 790 unici
235 735 278 791 tt
523 749 565 796 ter
578 740 710 808 iudaeos,
972 740 1039 795 eniti
1054 740 1107 796 Fili
1372 758 1404 801 er
1419 743 1561 812 discipulis

104 807 148 862 ts.
170 805 197 861 tii
211 807 268 862 bet.
284 806 341 864 Hoc
355 818 396 864 ιιι
521 821 549 866 ιι
562 811 710 882 disciputus
953 754 1013 865 ssei.
1371 814 1503 870 lobannis
1517 829 1578 870 rum

104 890 194 933 autern
206 878 279 947 judi·
521 882 652 938 Jotnannis
664 883 699 938 de
953 881 1232 941 abbonessum
1370 885 1480 941 Judaeis
1494 887 1529 942 de
1619 932 1622 937 .

103 951 175 1005 oium
192 950 277 1018 :quia
521 952 605 1008 Panis.
624 994 653 1008 ..
673 994 679 1007 .
697 995 704 1007 .
951 951 1081 1023 judicium
1098 972 1104 1007 :
1121 970 1188 1026 qrnu-
1371 957 1572 1014 Puriiiratiune.

104 1021 240 1076 inuenit
255 1022 282 1075 in
521 1023 567 1080 26.
584 1026 617 1080 Et
630 1033 762 1081 venerunt
953 1024 1026 1079 niam
1040 1025 1084 1080 lux
1100 1028 1174 1081 venit
1371 1027 1419 1084 26.
1441 1029 1475 1083 Et
1487 1035 1621 1085 uenerunt
1633 1026 1668 1084 ad

104 1092 155 1146 boe
170 1091 293 1158 mundo,
521 1096 554 1151 ad
565 1096 736 1162 iohannem,
954 1095 981 1148 in
998 1097 1049 1151 troc
1061 1097 1177 1164 mundo,
1371 1099 1543 1167 iohannem,
1561 1109 1589 1156 et

103 1174 130 1218 ιι
142 1163 300 1219 diieternnt
522 1176 550 1220 et
564 1167 691 1223 ditarunt
953 1175 981 1220 et
990 1168 1145 1224 dilexerunt
1371 1171 1499 1227 dixerunt
1512 1173 1537 1228 ei
1553 1190 1561 1228 τ

103 1233 231 1289 homines
245 1249 295 1304 po-
522 1239 547 1293 ei
562 1256 568 1291 :
584 1237 688 1305 Rarior,
703 1239 748 1310 qui
954 1237 1077 1293 immines
1094 1239 1183 1309 potius
1370 1242 1476 1308 sanni,
1490 1244 1536 1312 qni

104 1306 156 1360 tius
172 1305 316 1370 tenebras,
522 1318 581 1364 erut
595 1321 683 1366 teenm
954 1310 1098 1374 tenebras,
1116 1326 1198 1380 apuam
1369 1325 1430 1368 erat
1443 1325 1531 1370 tetum

102 1391 184 1447 quam
197 1379 285 1432 iucem
301 1394 309 1430 z
522 1387 597 1435 trans
609 1380 704 1436 iorda-
953 1378 1043 1434 lumen
1060 1397 1067 1433 ι
1084 1390 1162 1437 erant
1368 1392 1444 1441 trans
1457 1385 1555 1442 Jorda-

103 1458 181 1503 erant
196 1448 270 1503 enim
521 1464 593 1517 nen,
610 1453 653 1506 eui
667 1453 745 1508 testi·
952 1450 1024 1505 enim
1041 1452 1127 1508 maiae
1373 1471 1437 1519 nen.
1453 1457 1496 1512 eui
1513 1466 1543 1512 tu

103 1533 186 1590 opera
200 1520 310 1575 iliorum
522 1525 641 1578 monium
657 1524 718 1579 red·
952 1534 1053 1589 operae
1065 1538 1170 1581 eorum.
1371 1529 1557 1583 testimonium

103 1591 186 1646 maia.
521 1591 631 1658 didisti,
649 1610 713 1651 ecoe
951 1593 997 1649 20.
1014 1594 1108 1651 Omnis
1119 1598 1212 1666 enim,
1371 1599 1549 1669 perhibuisti,

102 1661 149 1718 ⁶2⁰.
168 1661 280 1727 Omnis,
296 1662 342 1733 qui
354 1677 416 1734 pra·
521 1664 564 1719 bie
578 1666 711 1736 baptizat,
952 1664 998 1734 qui
1012 1667 1085 1721 maie
1370 1684 1436 1726 eree
1450 1670 1493 1726 bio

103 1747 134 1784 ra
148 1734 221 1805 agit,
235 1733 292 1789 odit
520 1747 546 1790 ιι
557 1751 652 1792 omnes
666 1753 712 1792 ne·
953 1736 1024 1805 agit,
1041 1738 1098 1795 odit
1369 1740 1498 1812 baptizat,
1515 1748 1542 1795 et

103 1803 209 1872 iurem,
227 1815 256 1860 ιι
267 1820 321 1861 uon
520 1808 596 1861 uitrnt
610 1808 644 1862 ad
659 1809 745 1863 idum.
953 1804 1059 1873 Ιιιιιιιιι,
1075 1819 1102 1864 ιι
1115 1824 1168 1866 uon
1370 1828 1465 1868 omnes
1479 1813 1592 1869 veniunt

102 1876 215 1931 venitin
236 1876 279 1930 iu·
519 1878 565 1932 tr.
587 1879 737 1949 Respondit
748 1879 797 1936 Jo-
952 1879 1027 1933 renit
1041 1879 1074 1934 ad
1086 1880 1128 1934 lu·
1369 1883 1489 1939 adeum.

101 1961 177 2012 cem,
190 1958 285 2003 utnon
519 1949 638 2017 bannos,
653 1959 682 2006 et
695 1950 736 2005 di·
952 1964 1033 2014 men,
1047 1967 1081 2005 ue
1096 1967 1143 2007 ar»
1368 1955 1414 2010 ιι.
1438 1954 1587 2022 Respondit
1599 1953 1646 2012 lo-

101 2029 250 2087 arpuantur
519 2022 578 2075 xit:
594 2021 652 2076 Nun
670 2031 758 2089 potest
952 2029 1178 2095 paranturoperae
1370 2024 1483 2093 bannis,
1499 2026 1616 2082 dioens:

101 2104 201 2157 operae
215 2090 274 2160 ejus
290 2108 297 2145 ι
519 2092 600 2147 bomo
616 2093 722 2164 aceipo-
953 2091 1033 2160 ejus:
1369 2096 1428 2152 Nou
1443 2105 1532 2166 potest
1545 2097 1596 2153 bo-

100 2159 147 2216 tt.
167 2176 229 2216 narn
244 2161 289 2232 qui
304 2159 344 2216 sa·
518 2178 548 2219 re
560 2165 720 2233 pruisquam,
952 2162 998 2218 tt.
1019 2164 1064 2234 qui
1080 2174 1171 2223 sutem
1369 2184 1415 2224 mo
1427 2171 1551 2239 arripare

100 2233 139 2286 eit
148 2235 311 2300 ueritatem,
517 2236 571 2290 uisi
584 2236 620 2289 iiii
634 2236 726 2290 datum
952 2233 1016 2289 facit
1031 2236 1132 2292 verita·
1369 2240 1524 2308 quiequam,
1539 2239 1591 2295 nisi

99 2304 173 2358 seuit
184 2305 211 2358 in
225 2304 266 2358 in·
517 2305 597 2361 inerit
612 2306 645 2360 de
655 2322 719 2362 oae-
953 2314 1023 2373 tem,
1038 2308 1112 2362 venit
1369 2311 1407 2366 iili
1424 2312 1514 2366 datum
1531 2310 1589 2366 iue-

99 2385 292 2440 oem‚utma-
516 2376 562 2432 28.
585 2378 621 2433 io.
639 2376 692 2447 ipsi
707 2392 755 2434 ros
770 2386 827 2433 tes·
951 2377 1109 2442 adtamen,
1309 2373 1314 2383 ‘
1371 2383 1405 2437 rit
1419 2382 1545 2449 desuper.

99 2446 243 2502 attestetur
518 2449 659 2503 timonium
952 2457 981 2501 ut
1000 2447 1176 2506 manifestes·
1368 2450 1414 2507 ²8.
1434 2451 1489 2520 Ipsi
1504 2465 1551 2506 nos
1565 2451 1640 2507 testi·

99 2531 169 2584 opus
182 2516 244 2587 ejus
258 2560 265 2584 ‚
281 2532 348 2589 quo·
517 2519 583 2573 mibi
599 2520 688 2588 perbi-
951 2526 995 2573 tur
1007 2532 1106 2588 operae
1368 2525 1488 2579 monium
1502 2522 1568 2577 mibi

99 2589 172 2643 uiam
517 2589 602 2656 betis,
618 2590 682 2660 qnnis
695 2588 737 2644 di·
950 2588 1026 2657 ejus,
1044 2603 1111 2658 qno-
1367 2595 1536 2666 perhibetis,
1553 2608 1620 2662 nuo·

100 2659 323 2716 inDeoestiae-
518 2676 680 2716 ....ru.
703 2702 710 2717 .
734 2659 850 2716 ..Nou
951 2659 1138 2717 niominDeo
1365 2665 1608 2721 niamditi:Non

98 2730 216 2785 mum.
228 2731 293 2786 Post
307 2729 374 2787 haee
517 2747 576 2787 sum
589 2730 716 2787 Christus
731 2749 737 2786 ε
752 2732 800 2789 sed
951 2739 1016 2785 sunt
1029 2743 1168 2801 operatae.
1367 2751 1427 2791 sum
1442 2751 1492 2808 agn
1505 2736 1584 2792 Chri·

99 2802 165 2856 exiit
179 2801 277 2867 iesus,
293 2813 321 2857 et
516 2804 579 2874 qrria
592 2805 692 2859 missus
951 2801 997 2856 22.
1014 2802 1078 2857 Post
1094 2805 1161 2860 baec
1174 2805 1264 2876 proie-
1367 2815 1426 2863 stus
1442 2826 1448 2860 :
1464 2807 1511 2863 sed
1527 2808 1589 2876 qtnia

99 2872 224 2942 discipuli
237 2876 297 2944 ejus
518 2890 577 2929 sum
590 2886 653 2928 ante
664 2875 697 2928 it·
952 2883 1011 2928 etus
1026 2882 1068 2929 est
1079 2874 1178 2945 iesus,
1193 2887 1222 2933 ιι
1368 2880 1535 2948 praemissus
1548 2895 1608 2936 sum

101 2943 294 3017 iuiudaeamit
457 2990 463 2998 .
517 2945 562 3000 ab.
585 2948 649 2999 Ιιιιιι.
665 2945 716 3015 Qui
731 2946 779 3000 ba-
950 2943 1151 3017 discipuiiejue
1368 2957 1431 3005 aute
1451 2965 1524 3005 enrn.

47 3083 50 3088 ι
101 3025 202 3070 terram
221 3015 321 3072 :etibi
517 3016 565 3073 bet
577 3032 724 3085 sponsam,
950 3015 977 3070 in
991 3016 1121 3073 iudaeam
1368 3019 1413 3076 ιι.
1434 3019 1581 3089 Quibubet

100 3087 259 3142 morabatur
518 3103 636 3157 sponsus
648 3099 690 3142 est
707 3105 713 3141 :
952 3095 1053 3143 terram
1071 3105 1078 3144 ε
1094 3099 1122 3146 ιι
1134 3090 1171 3146 ibi
1368 3106 1508 3163 sponsam,
1522 3107 1604 3163 spon·

99 3172 160 3213 oum
174 3158 244 3224 iilis,
261 3165 289 3214 ιι
518 3159 619 3214 amicus¹
630 3169 720 3215 antem
951 3159 1108 3216 morabatur
1369 3176 1415 3218 sus
1428 3172 1470 3218 est
1482 3182 1489 3218 ε
1500 3165 1568 3221 ami·

100 3227 266 3299 baptizabat.
519 3231 611 3301 sponsi
628 3240 719 3296 stans,
950 3244 1012 3285 eum
1025 3231 1075 3285 eis.
1369 3245 1516 3290 ousarnem

99 3299 144 3356 23.
161 3300 228 3355 Erat
240 3307 331 3356 autem
519 3312 546 3355 et
560 3301 674 3357 audiens
689 3303 722 3357 ii·
949 3299 995 3356 23.
1018 3302 1082 3357 Erat
1096 3311 1185 3359 autem
1370 3306 1480 3373 sponsi,
1494 3309 1541 3377 qui

99 3371 240 3427 lohannes
519 3372 591 3438 inrrn,
606 3373 705 3441 gaudio
774 3432 778 3437 ⁴
950 3371 1089 3430 totnannes
1104 3375 1152 3429 ba·
1368 3385 1440 3438 stat.
1454 3384 1483 3431 et
1495 3377 1572 3433 arrdit

100 3442 242 3510 baptizans
256 3443 264 3473 ¹
279 3443 306 3497 iu
518 3445 614 3515 gaudet
627 3454 709 3514 prop·
951 3444 1058 3509 pntzans
1072 3445 1099 3499 in
1368 3460 1441 3510 eum,
1456 3449 1556 3516 gaudio

99 3515 195 3580 deuo,
212 3528 295 3582 prope
310 3514 359 3570 Sa·
520 3524 561 3570 ter
575 3531 668 3568 vanoem
951 3513 1043 3580 Aeno,
1058 3515 1135 3582 janua
1366 3517 1460 3586 gaudit
1475 3527 1584 3587 propter

100 3583 148 3639 iim
160 3602 167 3636 :
181 3587 310 3654 quioniam
519 3586 623 3656 sponsi.
639 3585 696 3641 Hoc
707 3602 751 3643 er·
951 3584 1046 3641 Satin:
1062 3586 1190 3657 quoniam
1369 3601 1462 3642 nouem
1475 3587 1546 3657 ejus.

100 3670 188 3724 uquzne
204 3655 241 3709 ibi
256 3657 327 3712 mul·
520 3671 553 3725 go
568 3659 695 3726 gaudium
951 3670 1038 3727 aquae
1053 3658 1154 3712 nruitaa
1369 3657 1427 3713 Ηοι
1439 3673 1504 3729 ergo

99 3734 145 3781 tae
158 3736 236 3783 eraut
249 3768 256 3792 ‚
271 3736 299 3782 et
520 3743 609 3782 meum
627 3729 723 3798 impio·
951 3735 1031 3783 eraut
1047 3728 1136 3794 ibi,et
1368 3729 1496 3800 gaudium
1508 3744 1597 3785 meum

99 3798 262 3863 veniebant,
277 3807 306 3853 et
520 3800 566 3854 bu.
589 3811 645 3854 turn
663 3809 715 3856 est.
732 3799 811 3855 illum
952 3799 1109 3865 veniebant,
1125 3810 1153 3855 et
1368 3800 1489 3870 eomple-

99 3867 317 3938 baptizabantur.
499 3881 628 3942 ,oportet
951 3870 1168 3940 baptizabantur.
1370 3871 1417 3928 50.
1439 3881 1494 3925 tum
1506 3881 1558 3929 est.
1572 3871 1651 3928 lllttm
1723 3912 1728 3919 .

99 3938 147 3993 et.
163 3938 289 3994 Nondum
303 3940 377 3997 enim
521 3954 657 4007 creseere,
671 3958 715 3998 me
951 3939 998 3995 2⁴.
1018 3939 1144 3998 Nondum
1158 3943 1230 3999 enirn
1371 3950 1624 4013 oportetoraseere,

100 4010 203 4065 missus
217 4010 307 4067 suerat
521 4021 610 4067 autem
626 4015 722 4069 minui.
952 4023 1008 4067 erat
1023 4011 1156 4069 intramnis
1374 4029 1417 4068 me
1432 4023 1522 4069 sutem
1542 4013 1681 4069 arnirnorsri.

100 4080 127 4136 in
139 4095 279 4139 carcerem
521 4084 567 4140 st.
587 4084 639 4152 Qui
653 4085 688 4141 de
702 4099 793 4141 susum
954 4091 1064 4139 coactus
1077 4085 1105 4139 in
1373 4084 1420 4141 st.
1440 4086 1491 4153 Qui
1506 4084 1541 4141 de
1551 4099 1645 4141 susum

757 4219 875 4277 coobx
893 4218 1089 4278 butxtttttJS.

102 4343 147 4391 tus
173 4336 304 4403 estquis
329 4349 382 4389 non
403 4334 490 4389 eredit
526 4333 552 4389 in
583 4335 693 4390 nornine
714 4333 846 4405 unigeniti
861 4332 906 4388 tt·
959 4333 1040 4388 Facta
1055 4341 1098 4389 est
1112 4348 1176 4404 ergo
1191 4333 1309 4401 questio.
1326 4333 1397 4389 iuter
1412 4332 1559 4402 discipulos
1571 4333 1713 4391 totnannts.
1729 4344 1758 4392 et

101 4408 119 4460 ii
144 4408 203 4462 bnt.
228 4407 285 4463 Hoc
308 4416 350 4460 est
370 4417 459 4461 autem
485 4405 628 4475 judicium.
645 4406 707 4474 uaria
722 4408 765 4461 int
783 4407 858 4461 uenit
878 4405 905 4460 in
957 4405 1074 4460 iudaeos
1085 4404 1367 4460 uetustissimam
1376 4415 1510 4460 venerunt
1520 4406 1552 4459 ad
1563 4405 1714 4462 iohannem
1725 4414 1758 4462 et

102 4477 177 4533 burne
204 4479 344 4532 tnturndum.
370 4487 397 4532 et
414 4477 576 4551 'dilenerunt
600 4478 735 4532 barnuinus.
756 4477 841 4547 iungis
863 4486 901 4530 te·
957 4476 1083 4531 dixerunt
1101 4477 1136 4530 ei.
1150 4475 1248 4530 Ruinbi.
1273 4479 1317 4546 qni
1332 4486 1391 4531 erut
1404 4483 1492 4530 tecum
1518 4484 1592 4532 trans
1605 4476 1752 4533 Jordanen.

103 4549 205 4605 nobras
240 4565 320 4618 rpnam
352 4548 452 4604 lucem.
477 4559 554 4601 urant
593 4550 664 4603 enirn
700 4565 793 4603 earnm
834 4547 906 4601 nasia
957 4547 1000 4602 cni
1016 4556 1043 4600 tu
1056 4546 1240 4601 testimoninm
1255 4547 1426 4614 perhibuisti.
1443 4563 1507 4605 ecee
1523 4548 1568 4604 bio
1590 4548 1707 4616 baptizat
1726 4554 1755 4602 et

101 4635 199 4687 opera.
220 4619 317 4675 Orionis
336 4622 408 4675 enaim
437 4619 482 4690 uni
504 4620 575 4673 uranie
597 4621 652 4688 ugit
673 4621 731 4675 udit
750 4621 848 4674 incunt.
877 4626 906 4674 et
958 4632 1054 4671 onustes
1069 4617 1180 4671 ueniunt
1192 4619 1225 4671 ad
1242 4633 1302 4671 errrn
1320 4617 1621 4688 Responditdnbannes
1633 4629 1659 4673 et
1673 4617 1752 4672 dixit.

35 4717 40 4725 ¹
103 4706 157 4746 non
172 4695 288 4746 ventitant
304 4693 403 4747 luceru.
417 4703 444 4744 nt
461 4702 762 4763 insurrangnnnturopnra
774 4691 843 4759 ejus.
857 4693 903 4757 qui
958 4688 1015 4743 Non
1031 4697 1119 4754 potest
1131 4688 1212 4742 Ιιιιιιιο
1223 4689 1344 4756 accipere
1355 4690 1498 4758 qrrioquam
1511 4690 1561 4744 nisi
1576 4690 1656 4744 suerit
1667 4687 1692 4741 ei
1707 4687 1756 4742 ds-

103 4773 194 4818 autent
208 4761 505 4818 iucitrerimtemreuit
515 4765 547 4815 ad
558 4765 688 4816 incedunt
698 4761 906 4815 nnaniiestentnr
959 4769 1014 4814 turn
1040 4758 1074 4813 de
1095 4761 1182 4814 raein.
1195 4757 1248 4828 lpsi
1263 4776 1309 4814 vos
1324 4761 1388 4815 unibi
1405 4763 1587 4816 testimonium
1607 4758 1756 4825 perhibetis

104 4831 905 4904 nporarjais.tpriainbeosunriacta..Postbaec.nenit
959 4829 1030 4901 qnod
1059 4830 1175 4885 dixerim
1207 4833 1275 4899 Quia
1309 4848 1362 4886 unu
1391 4847 1450 4887 sum
1476 4844 1526 4900 ego
1553 4829 1687 4884 (ibristns.
1707 4828 1756 4886 sed

104 4905 351 4972 lesnsetdiscipuli
365 4904 434 4972 eius.
446 4907 472 4957 iu
488 4903 728 4969 induannnenam,
745 4904 905 4958 etitiioeum
959 4903 1020 4972 amia
1038 4902 1137 4956 missus
1154 4918 1212 4957 surn
1237 4911 1299 4957 :nne
1324 4903 1422 4956 ilium..
1448 4900 1498 4969 eri
1527 4901 1608 4954 babet
1628 4915 1756 4970 sponsam

105 4977 357 5031 eisdernorubmur.
373 4987 401 5031 et
416 4975 651 5042 baptizabatiirat
669 4986 758 5029 autern
770 4973 907 5029 etanan-
960 4988 1077 5042 sponsus
1112 4982 1164 5028 est.
1193 4975 1296 5028 airricus
1332 4983 1423 5028 autom
1448 4972 1552 5039 sponsi.
1577 4972 1705 5042 quierat.
1728 4981 1757 5026 et

106 5060 156 5101 nes
176 5047 318 5118 baptizans
339 5049 364 5101 in
391 5048 517 5102 Deserto.
530 5050 606 5116 lurda
623 5047 717 5102 Saiim.
743 5047 805 5114 quia
820 5058 907 5115 aquae
960 5044 1035 5098 assitit
1064 5059 1138 5100 eum.
1163 5044 1261 5111 prandio
1285 5044 1384 5114 gaudet
1401 5054 1510 5113 propter
1533 5058 1626 5100 vocam
1651 5042 1754 5113 sponsi.

106 5119 208 5173 intuitae
222 5117 381 5173 erantiilio.
397 5127 424 5174 et
436 5117 625 5173 adveniebant.
640 5130 668 5173 ιι
691 5117 905 5187 baptizabantur.
961 5115 1018 5170 lino
1051 5128 1117 5184 ergo
1148 5116 1274 5185 gaudium
1302 5128 1391 5170 meum
1416 5115 1558 5185 impletum
1592 5123 1643 5171 est.
1679 5111 1757 5166 iilum

105 5188 231 5246 Nondum
247 5191 319 5246 enim
334 5191 433 5245 missus
448 5189 572 5244 iueratiu
589 5202 727 5245 carcerem
741 5187 905 5244 lohannes..
960 5195 1067 5256 oportet
1095 5198 1230 5241 erescere.
1254 5200 1297 5240 me
1317 5193 1407 5242 autem
1426 5188 1522 5243 minui.
1546 5187 1597 5255 Qui
1615 5185 1759 5240 desursum

752 5306 868 5364 cobet
886 5305 1120 5363 consulensis.

143 5424 189 5480 te.
206 5423 265 5481 don
289 5432 332 5481 est
345 5432 435 5481 autem
449 5421 579 5496 indicium
594 5422 643 5480 Dei
664 5441 671 5477 ι
696 5422 760 5496 quia
774 5423 819 5481 lux
834 5422 909 5479 uenit
998 5420 1034 5478 tt
1056 5429 1084 5478 et
1108 5422 1119 5453 ¹
1142 5419 1326 5480 adveniebant
1357 5423 1402 5491 ei,
1432 5422 1468 5493 ι,
1498 5429 1526 5477 ιι
1557 5416 1762 5488 baptizabuntur

107 5496 136 5551 in
152 5496 378 5552 bunomundum.
963 5492 998 5550 ab
1011 5509 1054 5552 eo.

144 5566 191 5623 20.
207 5568 253 5638 qni
267 5567 339 5623 mala
352 5568 417 5638 agit.

714 5658 913 5718 vtutttttes
932 5656 1133 5717 brettones.

144 5779 154 5809 ¹
173 5771 913 5839 obtunsum...ttm.tatttn0a1uxtaSatrmnmuston
997 5770 1007 5802 ¹
1025 5769 1078 5821 dat.
1090 5768 1254 5821 adveniebant
1264 5766 1342 5819 multi.
1356 5768 1416 5819 ιιιιι.
1431 5761 1608 5821 tdreuteb'aut.

110 5839 216 5891 danem.
231 5835 309 5904 i'rtip.
322 5836 441 5890 iudanon
450 5836 521 5900 Juxta
530 5835 612 5887 sanun
