3810 6144
130 264 168 322 aa
828 208 1097 312 nnotsuottnm.
1747 253 1787 312 ι

128 387 279 460 abjecisse,
296 384 455 459 iurantibus
473 384 579 442 cladem
597 383 684 452 hanc,
699 394 761 454 quae
773 391 828 436 una
841 384 930 444 erant,
943 383 971 444 Α
983 388 1037 445 qtte
1050 373 1127 444 operi
1142 372 1270 432 idoneum
1283 375 1441 446 seligerent,
1455 376 1501 444 otti
1517 373 1683 432 membranis
1693 376 1787 432 omni·

127 481 238 538 illorum
259 479 441 552 apographis;
466 478 551 544 satis,
566 489 705 548 superque
720 472 771 529 ista
786 485 847 529 esse
858 469 933 540 cogi·
985 467 1036 525 bus
1046 467 1141 524 sedulo
1154 468 1303 540 inspectis,
1318 478 1399 542 atque
1417 470 1444 527 io
1459 470 1558 527 seriem
1574 467 1783 527 laudabiliorem
1851 494 1856 502 ·

128 584 231 633 tantem
251 575 273 630 si
295 582 481 631 servarentur.
501 592 511 626 t
538 572 578 628 ita
599 570 700 627 iactum
724 577 755 624 ut
771 564 930 638 primigenia
983 562 1095 626 coactis,
1110 559 1262 629 archivum,
1278 561 1413 619 sivellettt
1426 561 1527 619 diutius
1537 575 1695 616 mansurum
1706 575 1786 632 para·

130 669 179 726 ilia
198 670 345 736 distracta,
361 682 394 723 ac
414 667 546 738 dissipata
568 665 709 738 perierint.
724 661 784 719 lino
798 659 931 716 duntaxat
983 661 1036 711 ret.
1050 653 1173 711 Factum.
1187 653 1309 727 Urgents
1320 669 1388 726 opus
1401 656 1489 711 amico
1502 662 1596 711 nostro
1609 653 1714 711 ioaone
1725 653 1785 711 dtr·

128 761 287 834 superstite,
307 760 385 832 cuins
409 759 551 831 inscriptio
571 756 744 830 superaddita
765 753 932 810 membrana
983 745 1048 802 drea
1063 745 1192 802 dstezato
1206 746 1342 804 monacho
1356 745 1531 813 Carrinensi,
1548 745 1608 801 viro
1619 756 1647 800 et
1662 744 1744 803 docto
1756 753 1786 804 et

128 855 157 912 in
165 855 259 911 orbem
271 855 457 925 rolutmdignn
471 852 595 924 prolecto
604 860 660 917 est,
671 864 731 920 quae
745 846 842 903 litteris
855 860 931 900 man·
987 837 1118 895 harumce
1137 838 1330 912 antiquitatum
1353 840 1578 912 cupientissimo,
1594 839 1640 910 qui
1654 838 1718 896 nisa
1733 841 1786 896 im-

7 992 17 1015 ,
127 945 217 1012 delur,
241 954 272 1001 ut
295 945 400 1015 insigne
419 959 476 1016 pras
496 941 611 1021 cacteris
622 940 738 996 inscitie
752 953 807 994 nnn
829 936 929 1003 minus,
982 934 1070 1003 probo
1085 946 1117 988 ac
1131 932 1458 1004 pertinaci,utestcoepti
1470 932 1557 990 semel
1570 932 1673 989 laboris
1685 932 1719 989 ad
1732 932 1785 990 nti·

127 1054 208 1112 quam
235 1038 411 1110 impudentiae
440 1037 513 1093 illins
535 1036 742 1092 monimentum.
770 1031 867 1087 ilatum
889 1035 933 1084 est
980 1025 1102 1081 raculnm
1117 1025 1244 1096 patiens,
1264 1025 1388 1082 ultimam
1410 1025 1450 1081 illi
1475 1038 1586 1080 manum
1604 1024 1715 1082 tandem
1730 1026 1784 1083 inr-

126 1133 230 1200 'l'ieini3
251 1133 328 1203 regni
352 1131 485 1188 Desiderii
506 1138 535 1187 et
552 1128 673 1201 ildelgisi
690 1126 772 1183 tertio
786 1134 814 1183 et
829 1124 929 1196 primo,
981 1116 1099 1187 hoinib·

126 1240 183 1283 arn
203 1224 384 1297 Septembris,
400 1224 496 1281 lodict.
511 1239 576 1290 atttr;
592 1221 736 1278 continens
751 1220 867 1290 legatum
881 1215 929 1271 Gi·
1006 1207 1073 1265 Sed
1088 1207 1121 1264 ad
1135 1210 1276 1280 exemplat
1288 1217 1412 1266 nostrum
1427 1209 1554 1267 conversi
1568 1209 1687 1280 ilerum,
1707 1210 1784 1269 dite·

125 1319 187 1375 sulii
206 1317 346 1389 cujusdam
358 1317 483 1372 stratoris
493 1314 573 1386 regii,
588 1315 634 1385 qni
648 1313 800 1369 llndoaram
816 1321 929 1364 uxorem
981 1300 1077 1357 bantus
1100 1300 1241 1372 praeixum
1257 1299 1344 1358 luisse
1356 1303 1391 1394 ab
1404 1303 1558 1374 antiquario
1570 1302 1683 1374 singulis
1696 1304 1785 1361 liran-

126 1424 206 1467 suam
227 1425 261 1467 ex
275 1410 390 1465 semisse
403 1407 632 1463 usufructuariam
646 1404 802 1474 reliquerat,
820 1408 876 1455 tnm
888 1406 928 1466 ut,
979 1392 1061 1463 gellis
1076 1407 1175 1449 nomen
1190 1394 1323 1463 auctoris,
1340 1409 1371 1450 ea
1388 1394 1511 1466 prolecto
1521 1398 1556 1456 de
1568 1412 1649 1455 causa
1662 1439 1670 1464 ,
1684 1404 1714 1452 ut
1726 1397 1785 1454 lec·

126 1518 161 1561 ea
172 1502 332 1570 decedente,
354 1502 500 1572 episcopus
514 1497 681 1564 laudensis,
695 1495 866 1552 tettumdatis
881 1493 929 1549 bo
980 1484 1045 1551 turi,
1060 1501 1139 1558 ‘tuem
1154 1501 1188 1542 ex
1202 1486 1379 1559 evangelistis
1389 1488 1510 1559 vellent,
1526 1492 1615 1563 primo
1627 1490 1723 1547 obtutu
1738 1490 1783 1563 ing

126 1595 180 1664 nis,
196 1593 270 1665 quod
284 1594 349 1650 inde
360 1603 434 1649 esset
444 1593 582 1650 redactum
600 1590 763 1662 pauperihus
783 1588 929 1644 distribue·
980 1580 1082 1651 spectis
1098 1580 1184 1637 titulis
1195 1580 1441 1652 deprehenderent.
1458 1583 1560 1641 liiliius
1571 1593 1661 1641 ιιιιιι
1673 1584 1783 1641 nonnisi

19 1706 24 1713 ·
125 1696 178 1745 ret.
201 1686 308 1743 linrtno
328 1685 433 1742 Gisulio
458 1699 538 1756 snpra
554 1684 661 1739 laudata
689 1682 748 1753 ojus
771 1695 849 1745 uror,
863 1695 927 1735 raro
979 1684 1040 1745 post
1052 1674 1191 1730 conditum
1205 1673 1344 1732 Cononem
1358 1675 1385 1732 id
1399 1675 1502 1732 iactum
1514 1679 1614 1735 asserit
1626 1677 1782 1754 (Proiegnr.

124 1778 235 1849 pietatis
250 1778 388 1848 etetnplo,
404 1777 459 1848 egit
473 1776 565 1832 libello
580 1775 695 1846 supplici
709 1774 780 1845 apud
794 1787 885 1844 regent
898 1783 928 1827 ut
943 1773 967 1834 Β
980 1767 1045 1834 iil,
1059 1768 1131 1823 dett.
1147 1768 1185 1823 Ν.
1200 1768 1234 1824 Τ.
1250 1785 1283 1824 ee
1294 1769 1441 1825 recensione
1460 1770 1566 1826 iimteri
1577 1771 1607 1845 );
1623 1786 1684 1828 cum
1699 1779 1782 1828 antea
1853 1770 1861 1782 '

123 1870 216 1926 mariti
230 1869 357 1924 voluutas
372 1871 464 1924 statim
485 1869 681 1939 adimpleretur
699 1869 821 1939 pontium
841 1866 928 1939 (sunt
978 1863 1081 1934 absque
1088 1862 1207 1935 praeitis
1217 1862 1779 1932 auctorumnominibuscircumlerrentur,

123 1963 206 2020 rerba
232 1963 388 2019 documenti
405 1964 415 2036 )
433 1965 489 2018 tine
510 1964 599 2034 utiquo
622 1961 764 2030 offertsione
789 1963 848 2032 ipse
871 1963 927 2032 ejas
979 1972 1034 2013 nott
1048 1955 1777 2032 secusnecetermitnpionrincertorumscriptorum,

123 2055 323 2112 adernosirmod
336 2057 449 2127 requiem
463 2055 503 2110 eei
522 2056 688 2129 refrigerium
704 2054 806 2108 nnirrtoe
819 2054 876 2125 ep'tts
889 2053 925 2107 ci·
978 2060 1008 2106 ut
1021 2051 1128 2106 scilicet
1141 2048 1274 2120 appositis
1288 2049 1375 2104 titulis
1390 2049 1596 2121 dignosceretur
1606 2050 1708 2107 ea'sols
1718 2065 1781 2108 esse

123 2147 178 2203 titts
192 2164 327 2204 occurrere
346 2147 684 2220 possit,·intpetra.vitquc.
706 2147 799 2218 ltaque
820 2145 927 2216 episco-
978 2159 1052 2209 tera,
1065 2141 1623 2214 ctautltcnticalnstrumentaevangelica.
1637 2141 1778 2217 liinciait)

124 2240 353 2310 pus,.divettditis
369 2240 447 2295 bottis
461 2241 570 2297 Gnideri
585 2239 692 2294 cuidam
707 2239 775 2310 regii
791 2248 927 2294 ntennste-
979 2235 1251 2308 Marcionioijectnm
1267 2234 1713 2311 uTertrtlliono,qaodEeenpeiia
1731 2254 1778 2294 stro
1882 2233 1887 2239 ’

121 2329 156 2386 rii
171 2332 341 2403 procuratori
361 2332 477 2403 pretium
495 2347 640 2388 aureorum
660 2345 804 2387 unauccct
823 2330 858 2385 alr
879 2345 926 2386 eo-
978 2329 1088 2393 nudum,
1104 2328 1140 2382 nd
1153 2343 1598 2386 mirtrronatrrnrentssectssre
1610 2329 1779 2398 inscripsisset

122 2419 185 2479 dem
208 2422 327 2479 solutum
355 2424 519 2494 pauperihus
545 2423 685 2494 erogarit,
710 2422 925 2493 subscripsitque
977 2430 1118 2476 auctorem.
1144 2421 1195 2476 list
1207 2421 1249 2476 vir
1261 2420 1455 2489 doctissimus,
1478 2436 1540 2477 enm
1556 2422 1615 2477 ltaeo
1625 2422 1777 2488 scriberet,

122 2512 185 2568 huic
199 2523 281 2569 cartus
297 2530 349 2570 utta
371 2530 434 2570 cunt
454 2515 591 2582 lladoara,
614 2515 728 2585 aliisque
748 2513 863 2570 testibus
888 2514 923 2570 ibi
977 2513 1012 2570 ad
1026 2514 1077 2570 alia
1091 2512 1223 2570 festinans
1245 2528 1299 2570 non
1323 2513 1389 2570 satis
1408 2515 1480 2570 eavit
1500 2518 1685 2585 coniecturam
1706 2512 1778 2571 hanc

119 2604 273 2676 descriptis.
289 2607 355 2677 Ejus
369 2608 582 2678 chii-opraplmm
597 2608 650 2663 tale
664 2617 705 2662 est
723 2626 729 2659 :
976 2623 1055 2664 suam
1075 2609 1110 2664 ah
1132 2609 1207 2680 ipso,
1233 2622 1313 2680 quent
1327 2607 1412 2674 citat,
1433 2607 1601 2665 Tertulliano
1625 2606 1777 2664 luculenter

122 2736 127 2743 .
155 2696 271 2767 ipolitus
289 2698 407 2769 egolieet
426 2698 548 2770 indiqnns
561 2715 606 2767 per
620 2699 663 2752 clei
681 2700 769 2769 grecia
786 2699 924 2770 opiscopus
978 2700 1097 2772 explodi.
1126 2701 1222 2757 iiletat
1245 2700 1319 2757 eninr
1341 2715 1375 2756 ea
1390 2701 1442 2757 hoc
1455 2700 1536 2757 iidem
1556 2699 1694 2770 Evangelii
1707 2698 1777 2755 llar-

124 2789 247 2846 diademo
274 2791 322 2846 cieo
348 2791 434 2846 tit'cttitt
456 2792 601 2860 replicante
621 2791 707 2862 rapine
727 2791 860 2863 potestatis
877 2807 924 2861 pro
975 2793 1073 2859 olonis,
1087 2793 1159 2863 quod
1175 2793 1254 2849 titulo
1267 2803 1371 2850 careat.
1386 2793 1420 2849 Et
1431 2810 1531 2865 possent
1544 2793 1655 2866 (inquit)
1668 2793 1711 2850 iric
1720 2794 1777 2865 ium

119 2884 312 2940 emendacione
335 2885 445 2939 terrotoe
458 2887 526 2954 qttnd
543 2885 567 2941 ei
586 2884 624 2938 tir
638 2901 701 2938 saus
724 2893 781 2954 post
800 2887 856 2959 ejus
871 2884 925 2939 ort·
975 2887 1085 2960 produco
1095 2887 1176 2959 figere
1185 2904 1236 2942 ttort
1245 2889 1437 2959 agnoscendum
1451 2887 1606 2954 contendens
1618 2903 1696 2958 optts,
1708 2887 1777 2959 qttnti

121 2984 177 3031 istst
190 2976 316 3031 concessit
329 2976 400 3030 testis
413 2993 492 3030 orunrt
500 2993 556 3030 traco
573 2974 714 3031 conscribti
727 2991 784 3029 cunr
799 2975 922 3030 sucerdo-
975 2996 1027 3035 nott
1040 2981 1120 3052 eripiat
1133 2983 1255 3053 frontem,
1270 2978 1339 3052 qnod
1351 2979 1451 3035 nttiioor
1459 2981 1628 3034 constantiam
1642 2985 1776 3052 praeperat,

120 3077 157 3123 tes
170 3067 261 3138 fideles
277 3079 300 3123 et
312 3070 398 3141 precio
409 3071 493 3142 recepi
504 3070 610 3124 trintiiio
623 3083 707 3125 necet.
720 3078 744 3124 et
756 3069 856 3124 contuli
868 3069 922 3124 dis·
975 3071 1075 3126 nuliam
1086 3072 1165 3142 pidem
1178 3072 1343 3142 repromittet
1357 3071 1389 3126 de
1401 3073 1561 3145 plenitudine
1572 3073 1656 3140 timii,
1670 3082 1695 3128 et
1716 3089 1778 3147 pro-

121 3161 199 3217 triittt'
205 3178 251 3232 pro
262 3163 348 3217 nnirttn
358 3164 447 3235 gisulfi
459 3163 588 3218 stratoris.
936 3161 959 3226 C
975 3163 1086 3235 sessione
1096 3161 1182 3217 dehita
1195 3163 1309 3217 auctoris
1326 3162 1476 3237 (Adamana
1491 3161 1650 3217 ilorcionem
1662 3178 1709 3230 tt,
1725 3162 1775 3235 2).

157 3253 354 3310 Documentum
376 3254 460 3321 istud,
476 3255 503 3311 in
521 3270 576 3326 qno
589 3255 677 3326 agitur
691 3253 726 3310 de
745 3252 923 3326 acquisitione
974 3256 1035 3313 iam
1049 3257 1139 3328 itaque
1151 3265 1214 3313 ante
1228 3256 1374 3313 liareinttis
1393 3266 1541 3328 tempora,
1565 3269 1593 3314 et
1614 3258 1724 3330 quidem
1748 3259 1776 3315 in

121 3349 267 3413 bonorum.
279 3366 340 3422 qum
355 3367 408 3406 utta
423 3367 484 3406 cuttt
496 3352 604 3407 cacteris
618 3352 767 3407 etiamnum
783 3339 937 3421 possident
974 3356 1069 3404 uetere
1082 3347 1202 3405 Ecclesia
1216 3348 1346 3420 inscripta
1361 3358 1439 3406 erant
1448 3349 1505 3406 suis
1518 3351 1671 3408 nominibus
1683 3351 1776 3408 Eran-

119 3440 149 3498 in
162 3456 228 3513 agre
247 3443 438 3509 Cretnonensi,
459 3459 494 3500 ne
509 3453 661 3513 temporum
677 3443 793 3500 decursu
814 3443 923 3500 latisce-
974 3440 1057 3510 gelia.
1074 3439 1108 3497 Ut
1123 3440 1186 3512 quid
1201 3440 1274 3497 enirn
1290 3441 1361 3496 hanc
1375 3440 1446 3497 tituli
1458 3442 1608 3499 nuditatem
1628 3444 1775 3516 objecisset

120 3544 174 3605 ret,
194 3538 328 3608 petierant
346 3537 411 3593 olim
426 3538 586 3594 clarissimae
603 3537 749 3607 virginesa
765 3537 923 3594 consulibus
974 3531 1013 3588 illi
1029 3530 1230 3601 Tertullianus,
1254 3532 1384 3590 adversus
1406 3548 1487 3606 quant
1508 3537 1578 3591 tucri
1600 3551 1630 3593 se
1650 3547 1776 3608 poterant

123 3628 199 3684 uritis
218 3637 319 3685 nestrae
332 3671 340 3695 ,
355 3629 456 3686 saecttlo
473 3644 522 3684 ιιι
545 3628 713 3695 Ιιιιιιι,.ιι
732 3643 781 3698 per
798 3627 923 3700 publicos
974 3624 1141 3681 biarcimtitm
1156 3633 1292 3682 vetustate
1304 3633 1469 3696 temporum,
1480 3628 1774 3686 etcettsuetudinelic-

73 3702 76 3706 ⁵
121 3721 243 3777 noerius
265 3723 457 3793 exciperetur,
478 3731 656 3793 superestque
674 3737 727 3778 una
749 3736 812 3777 cnm
828 3720 923 3776 arche·
973 3719 1117 3777 elesiarnm
1131 3763 1139 3787 ,
1154 3722 1311 3792 inquibus,
1326 3736 1361 3778 ert
1375 3722 1450 3779 hlillii
1471 3721 1555 3792 ipsius
1575 3723 1701 3790 calculo,
1724 3739 1774 3795 per

120 3820 186 3886 typo
203 3814 388 3885 apographum
410 3815 587 3880 eorumdem;
605 3825 648 3870 ast
669 3815 792 3885 pluribus
808 3815 834 3870 in
855 3815 923 3871 iocis
973 3814 1084 3886 triginta
1099 3815 1133 3870 ad
1153 3815 1244 3871 minus
1264 3829 1350 3871 attone
1369 3825 1433 3872 ante
1446 3816 1624 3872 constitutum
1647 3815 1681 3873 ab
1700 3818 1774 3874 Asiae

121 3905 157 3961 ad
185 3904 297 3976 originis
326 3907 468 3962 acritatem
495 3907 608 3962 minime
636 3916 771 3962 exactum.
805 3907 845 3961 Eu
875 3907 922 3963 tibi
973 3906 1336 3980 episcopisutipseputat,
1353 3908 1774 3981 Etattgelicamcanonem,Ln·

123 3998 333 4071 chirographum
360 4015 441 4071 supra
458 4000 558 4057 laudati
577 3999 728 4073 ilippolyti,
749 4000 828 4071 qttaie
854 4000 921 4057 illud
972 4013 1028 4067 car,
1043 4015 1074 4055 ac
1090 4000 1173 4056 biarci
1188 4000 1346 4072 Erartgelia,
1359 4001 1479 4058 liattbaei
1490 4001 1773 4077 terniongeamplius

121 4091 305 4161 descripsere.
498 4107 501 4113 ·
744 4162 752 4175 ·
965 4083 1034 4151 'sine
1048 4094 1126 4151 titulo
1139 4095 1231 4152 habita
1241 4096 1379 4154 luissentl
1397 4097 1475 4166 Quod
1490 4112 1556 4154 nero
1566 4098 1624 4167 ait,
1639 4108 1772 4158 statutum

155 4182 269 4254 ipolitus
280 4183 433 4240 Zolentinm
452 4185 546 4258 tlipnns
560 4202 606 4257 per
621 4184 669 4241 liei
682 4187 767 4259 protis
786 4186 921 4257 episcopm
972 4201 988 4242 a
1001 4185 1121 4244 Cononis
1135 4189 1323 4246 conditoribus
1339 4191 1543 4264 inscriptionem
1568 4203 1726 4263 auctorum,
1741 4204 1772 4252 ut

61 4295 64 4299 ⁴
120 4271 242 4329 stanna
258 4275 305 4329 deo
330 4277 419 4333 dicate
439 4278 585 4348 replicante
603 4279 653 4350 seri
672 4289 697 4333 et
716 4278 863 4350 protestatio
872 4295 921 4350 pro
972 4295 1037 4338 vera
1051 4280 1197 4353 Evangelia
1211 4283 1331 4355 dignosci
1346 4293 1467 4354 possent,
1480 4286 1535 4355 iarn
1548 4300 1636 4355 neque
1647 4286 1699 4342 hoe
1711 4286 1772 4358 ipso

118 4368 310 4424 armnnrrtom
329 4380 354 4424 te
370 4372 437 4438 soie,
451 4381 527 4440 etc,
550 4387 636 4443 usque
651 4371 685 4428 ad
702 4382 824 4429 extrema
838 4373 921 4429 verita
973 4373 1083 4431 illerum
1099 4375 1160 4431 iidci
1175 4377 1243 4431 satis
1257 4387 1366 4432 cautum
1381 4377 1504 4434 inissent.
1530 4376 1598 4434 Corn
1611 4387 1639 4434 et
1651 4379 1771 4436 biarcion

121 4456 216 4528 Gisnlfi
227 4464 362 4517 rorotoris.
972 4468 1226 4537 interrumpunt,
1239 4484 1293 4540 qno
1304 4468 1440 4538 utebatur,
1452 4470 1514 4526 etsi
1525 4469 1771 4541 qulaliiaduiteras

153 4549 261 4607 bardus
277 4552 334 4616 ille,
355 4554 402 4624 qui
423 4556 595 4613 membranas
608 4556 730 4629 digessit,
745 4571 807 4612 eum
823 4557 919 4614 arebe—
930 4545 959 4608 D
972 4575 1068 4618 manus
1083 4561 1110 4617 io
1125 4561 1260 4629 matthat,
1280 4561 1380 4630 hiarci,
1404 4578 1437 4621 ac
1448 4563 1561 4621 ioannis
1573 4565 1769 4636 extenderent,

121 4652 215 4717 typum
237 4661 291 4702 non
307 4646 519 4717 adsequeretur,
543 4649 675 4720 conjectis
690 4650 716 4706 in
731 4649 918 4722 apographum
970 4652 1067 4710 eodem
1083 4654 1165 4726 plane
1177 4654 1407 4726 titulnintpoaere
1423 4655 1573 4713 lectoribus
1584 4662 1706 4727 possent
1717 4658 1770 4715 lta·

119 4738 207 4793 oeulis
221 4738 293 4796 hanc
306 4738 370 4796 inde
387 4740 552 4811 epigraphen
570 4743 736 4812 exsculpsit,
751 4759 813 4814 quae
826 4752 919 4813 poste·
970 4761 1023 4819 que
1036 4761 1091 4803 non
1106 4756 1149 4805 est
1161 4746 1314 4819 ambigendi
1328 4748 1425 4814 loeus,
1444 4748 1508 4820 quin
1519 4747 1576 4820 jam
1598 4756 1663 4806 tunc
1676 4749 1729 4806 hoc
1741 4751 1769 4807 in

118 4825 159 4885 tis
172 4828 207 4883 ad
223 4831 428 4902 intelligentiam
442 4832 599 4889 documenti
619 4834 705 4890 iacent
726 4835 918 4905 protenderet.
971 4842 1057 4899 sacris
1071 4843 1176 4909 libris,
1189 4842 1261 4914 quod
1276 4842 1302 4898 itt
1323 4841 1454 4913 prolenis,
1469 4840 1505 4899 ab
1518 4842 1679 4914 antiquariis
1692 4858 1770 4900 usur·

155 4918 237 4976 liii.
252 4921 298 4977 26.
311 4923 454 4981 Nounnire
466 4923 583 4996 ippolito
598 4924 735 4980 dolentior
755 4926 866 4982 Vescera
879 4927 917 4996 ,tii
970 4944 1062 5007 patum
1077 4935 1176 5003 interit,
1202 4944 1233 4992 ut
1248 4934 1354 4992 seilicet
1371 4944 1511 4993 auctorum
1524 4950 1639 4994 suorum
1657 4939 1769 4994 nemina

118 5009 255 5068 Sadasara
267 5031 312 5086 per
324 5017 343 5069 ii
356 5018 440 5087 legato
452 5020 479 5073 di
492 5017 612 5092 Ghisoiin
626 5019 763 5075 llorotore.
970 5043 1026 5099 prae
1037 5043 1067 5084 sn
1077 5027 1189 5086 terrant.

153 5102 236 5161 Vides
252 5105 406 5165 ittielioibns
423 5114 506 5167 cartis
519 5127 573 5183 qno
583 5128 644 5169 cum
659 5112 770 5170 humine
785 5130 842 5171 rem
856 5128 918 5172 esse
1008 5119 1140 5192 Superest
1160 5138 1252 5190 nunc,
1275 5131 1305 5180 ut
1326 5123 1361 5181 de
1376 5123 1506 5196 peculiari
1520 5124 1548 5180 in
1562 5122 1702 5180 codicibus
1715 5124 1768 5180 ιιι.

117 5195 281 5267 sontigeriti
305 5199 338 5254 Et
351 5213 417 5255 sane
432 5204 529 5260 mirum
545 5204 618 5275 quod
628 5205 777 5276 diplomata
795 5207 847 5264 alia
861 5223 915 5264 non
968 5220 1033 5283 quot
1048 5213 1166 5269 canonis
1178 5213 1261 5281 serie,
1272 5229 1334 5286 qun
1346 5214 1374 5270 itt
1390 5224 1484 5271 nestro
1497 5213 1578 5271 etiam
1592 5221 1698 5270 serrata
1712 5223 1766 5282 cst,

115 5287 214 5359 attigit.
234 5289 328 5362 Neque
341 5301 430 5350 tnttten
445 5297 559 5354 aliorum
577 5317 673 5357 tnnnus
683 5301 804 5374 elingere
819 5305 851 5361 iis
866 5303 914 5361 do·
968 5315 1025 5363 tum
1035 5305 1071 5362 de
1084 5305 1272 5376 ltttjttscemodi
1281 5306 1446 5364 diversitatis
1456 5307 1561 5379 origine
1571 5305 1766 5376 disquiramus.

116 5387 184 5449 tum,
194 5381 323 5440 detractis
336 5384 481 5441 multorum
494 5389 606 5461 sigillis,
622 5392 649 5446 in
664 5394 762 5461 qniltus
775 5393 913 5453 Cassarum
1003 5397 1135 5453 llicardns
1148 5396 1285 5453 Simonias
1298 5396 1381 5470 (illst.
1396 5397 1460 5453 Crit.
1474 5395 1510 5453 ti.
1522 5395 1554 5454 T.
1568 5412 1589 5463 r,
1602 5395 1647 5468 tu)
1660 5411 1768 5468 expen-

49 5506 52 5513 ι
116 5473 266 5546 imagines,
291 5493 439 5551 eorumque
462 5482 571 5536 nentina
594 5483 782 5540 servabantur.
810 5485 914 5554 Quibus
967 5503 999 5545 so
1014 5487 1114 5545 ,codice
1132 5487 1369 5559 Catttabrigieusi‚
1395 5489 1421 5543 itt
1437 5504 1492 5560 quo
1507 5489 1651 5560 Evangelia
1668 5491 1765 5547 eodem

115 5579 168 5636 ego
180 5567 288 5623 casibus
301 5581 408 5637 mutas,
424 5581 480 5627 ttmt
499 5573 570 5643 quod
586 5573 697 5630 coninsa
711 5591 806 5632 rursus
821 5581 913 5635 utnnia
966 5581 1072 5645 ortlitte,
1087 5595 1119 5637 ιι
1134 5581 1160 5636 in
1178 5589 1282 5646 nostro,
1298 5581 1450 5637 eiicruotnr
1463 5625 1470 5647 ,
1485 5597 1542 5638 non
1558 5596 1621 5639 csse
1640 5583 1712 5640 ltune
1726 5584 1765 5639 illi

114 5669 177 5717 esse
190 5661 374 5727 nuntiaretur,
389 5664 473 5720 institi
485 5669 555 5737 apud
570 5666 731 5722 lectissimas
750 5668 869 5739 uirgines
883 5679 913 5728 ιι
966 5673 1129 5746 peculiarem
1148 5673 1297 5738 obsecrat,
1319 5688 1381 5729 cum
1400 5688 1433 5730 et
1459 5684 1617 5746 pervetusto
1639 5678 1766 5748 catalogo

111 5749 253 5821 hominem
267 5761 395 5824 spectatae
408 5756 586 5831 integritatis,
600 5774 632 5816 ac
647 5760 719 5828 idei,
734 5763 913 5834 pertntendo-
963 5766 1128 5839 eaeotplatis
1141 5766 1390 5838 sangermanensis,
1405 5765 1494 5847 itaquo
1506 5767 1652 5843 Euangelia
1662 5771 1760 5832 eadem
