3810 6144
163 258 218 320 dib
434 258 569 320 Eusttstl
591 255 759 316 VERGELL.
779 255 1004 316 uviduutttttt
1022 254 1093 315 ctttt
1112 254 1230 316 vinus
1246 257 1325 318 COD.
1344 259 1543 321 mutarunt.
1761 263 1815 321 aad

1230 373 1346 431 coutet
1365 376 1589 437 tedbaudus,

362 375 480 435 cubuit
499 373 767 434 teacettttttsts

584 480 709 543 segregat
728 508 737 526 .
759 510 766 524 .
786 485 833 526 ucs

538 602 540 607 ¹
583 543 629 671 ili.
649 582 726 687 'elici
740 581 844 685 oties†
858 581 962 668 .....

165 471 330 557 recepissem

166 542 357 699 illitati,

166 687 213 744 28.
236 686 333 743 'i'olbte
350 694 441 760 itaque

167 757 247 814 abeo
262 758 349 814 ulan-

166 828 350 972 iiiiiiiiii

165 969 259 1029 decem
275 972 361 1027 talan-

164 1041 211 1099 ab.
232 1052 269 1100 ta.
283 1041 363 1099 Omni
377 1042 449 1101 enim

164 1113 276 1171 habenti
293 1116 340 1169 da-

164 1183 256 1242 bitur:
272 1187 296 1243 ei
313 1195 403 1242 autem

583 829 617 884 ad
637 828 680 884 sin
701 866 827 885 .....

583 899 629 957 di.
649 899 725 956 Tunc
738 898 809 954 dicet
819 914 868 956 rex

584 970 644 1037 liis,
661 972 706 1042 qui
721 986 736 1026 a
749 969 816 1027 dex·

584 1044 633 1168 ιῦἰο
644 1043 782 1169 οιιοῖἓοιῑ
798 1059 804 1094 :

608 1128 681 1169 eme
729 1129 778 1169 ne·

582 1184 696 1241 dictiPa
718 1222 844 1239 .....

164 1258 210 1329 qui
228 1272 281 1314 nen
296 1257 388 1319 babet.
582 1257 652 1323 mci,
668 1270 732 1327 poss
752 1294 908 1314 ......

163 1335 192 1386 οι
206 1327 278 1396 oum
293 1328 332 1401 (u)
347 1327 470 1401 ltabet†‚

67 1428 69 1433 ·
162 1399 300 1456 auferetur

164 1470 210 1527 50.
231 1469 265 1525 ab
277 1486 320 1527 cn.
333 1472 368 1528 iit
379 1486 497 1544 nequam

162 1556 273 1599 serrum
284 1542 322 1615 (i)
337 1545 410 1612 proi·

161 1612 217 1669 cite
229 1612 302 1670 ieras
311 1615 330 1686 †
340 1614 369 1671 in

161 1684 290 1742 tenebras
300 1700 351 1741 ex·

160 1755 278 1813 terieres
293 1772 300 1813 :
315 1756 372 1814 illic

160 1827 215 1884 erit
229 1825 325 1896 lictus,

160 1906 191 1955 οι
200 1899 301 1956 strider
312 1899 382 1956 den·

160 1970 240 2026 tium.

160 2041 208 2100 5¹.
228 2038 294 2096 Cum
309 2049 400 2098 autem

160 2113 266 2169 venerit
279 2111 332 2167 iili·

161 2199 195 2241 us
206 2183 325 2240 bominis

162 2253 190 2311 in
202 2255 329 2325 majesta·

162 2333 189 2383 tc
200 2341 265 2392 sua,
280 2334 309 2382 et
322 2340 381 2384 em·

161 2412 212 2455 nes
224 2396 313 2470 angeli
394 2425 397 2429 ·

161 2482 223 2525 cum
239 2484 290 2532 ce,
306 2479 370 2524 tunc

163 2539 269 2596 sedebit
283 2554 366 2612 super

163 2611 258 2667 sedern
270 2625 329 2665 ma-

161 2680 270 2809 iesum
281 2695 347 2737 suae
361 2697 369 2734 r

181 2752 209 2807 ἱ.
229 2761 258 2806 οι
270 2765 417 2823 congrega-

163 2824 265 2881 buntur
276 2835 340 2879 ante

165 2908 296 2951 cumom-

165 2981 216 3022 nes
225 2976 334 3036 gentes,
349 2974 393 3040 et,

167 3037 363 3109 separariteos

167 3108 202 3164 ab
213 3107 348 3177 invicem,

580 1969 625 2026 35.
646 1968 759 2026 dedistis
772 1971 823 2025 mi·

579 2041 608 2096 lti
620 2041 714 2097 bibere
729 2060 736 2097 :
751 2041 817 2098 ltos·

579 2126 869 2184 pes...m,e..

579 2199 623 2240 ο.
646 2223 653 2238 .
675 2222 684 2241 .
706 2184 868 2241 .istisme:

578 2254 615 2311 36
618 2293 803 2312 .......
818 2265 846 2313 οι
858 2270 941 2329 oper·

508 2547 512 2555 “
579 2555 611 2598 ea
632 2580 789 2599 ......
804 2554 897 2607 eram,

579 2621 607 2668 ct
620 2613 734 2670 venistis

581 2682 614 2736 ad
629 2698 682 2739 me.

581 2752 627 2808 57.
647 2753 725 2811 Tutte
740 2768 853 2827 respon·

582 2824 722 2882 debuntci
893 2823 902 2838 '

586 2935 712 2952 .....
732 2897 827 2954 dicen·

584 3005 712 3024 .....
734 2970 860 3038 Domine,
878 2982 963 3040 quan·

585 3077 713 3097 .....
732 3039 822 3097 dianus

585 3149 710 3167 .....
732 3121 804 3180 tem,

502 3222 510 3236 .
586 3221 593 3237 .
615 3223 621 3236 .
645 3224 652 3237 .
675 3225 682 3240 .
704 3224 711 3238 .
732 3199 793 3240 mus

385 3294 503 3354 cubuit
520 3296 755 3359 consulensis,

170 3392 321 3463 exegissem
330 3392 470 3449 illamcum
486 3395 703 3451 usuris.Toilite¹
713 3396 747 3451 ab
762 3397 808 3452 illo
824 3396 966 3460 talentum,

171 3462 266 3518 etdate
276 3466 300 3520 ei
314 3465 359 3535 spui
371 3464 454 3522 babet
463 3465 557 3522 decent
566 3467 676 3523 talenta.
688 3467 768 3524 Omni
779 3468 850 3523 enim
858 3468 966 3522 habenti

170 3534 279 3591 dabitur
289 3537 345 3591 ¹:ei
359 3547 449 3593 autem
463 3538 508 3608 qui
522 3553 576 3594 non
589 3538 679 3608 babet,
692 3547 720 3596 ct
730 3539 802 3608 quod
819 3539 830 3571 ³
847 3548 860 3576 ¹¹
874 3539 965 3603 babet,

171 3605 309 3663 attleretur
318 3607 352 3664 ab
360 3623 403 3663 eo.
411 3607 576 3664 Et⁸serrnn
585 3624 671 3680 nequa
682 3611 804 3681 projicite
815 3609 920 3665 ierasitt
929 3619 968 3665 tc-

101 3682 104 3687 ·
172 3677 270 3733 uebras
279 3679 429 3734 exteriores
441 3689 454 3716 ἰ
466 3699 473 3735 :
483 3680 519 3735 ibi
527 3682 579 3736 erit
590 3680 715 3747 lietus‚et
724 3681 825 3738 stridor
834 3681 966 3737 dentium.

173 3747 260 3814 Quum
274 3760 363 3804 autem
376 3753 480 3805 renerit
493 3752 564 3807 lilius
578 3753 696 3808 leontinis
708 3753 734 3808 in
749 3753 891 3823 majestate
904 3766 966 3818 sua,

173 3829 201 3872 et
215 3834 310 3900 omnes
324 3821 412 3889 angeli
426 3835 486 3876 etttn
506 3837 559 3888 eo,
575 3834 640 3879 tunc
652 3823 758 3880 sedebit
776 3839 858 3893 super
873 3824 966 3879 sedem

175 3890 323 3957 magestatis
338 3906 403 3946 suae
416 3909 422 3944 :
437 3899 466 3947 et
476 3897 784 3965 congregabttnturattte
798 3910 860 3949 eutn
872 3909 968 3951 omnes

173 3971 286 4029 gentes,
300 3970 328 4016 et
342 3963 478 4029 separabit
488 3979 536 4018 eos
546 3965 580 4019 ab
594 3966 709 4019 ittritetn
720 4006 728 4031 ,
740 3965 812 4020 sicut
821 3975 913 4035 pastor
924 3981 969 4021 sc·

173 4039 267 4100 gregat
278 4046 343 4087 eres
356 4032 390 4087 ab
402 4032 496 4089 hoedis
512 4052 519 4088 :
534 4046 562 4090 et
574 4046 674 4090 statuet
685 4037 769 4091 ores⁸
781 4036 812 4090 ad
825 4036 967 4091 dexteram

174 4116 269 4166 snam,
284 4102 387 4158 lteedos
402 4119 490 4159 autem
502 4105 535 4159 ad
548 4107 697 4162 sinistrant.
714 4106 790 4162 'i'uno
804 4108 877 4162 dicet
891 4109 901 4139 ⁶
916 4108 967 4177 eis,

175 4173 220 4242 qui
233 4172 267 4228 ad
281 4173 422 4228 dexterum
436 4178 494 4247 ejus
508 4187 571 4232 suttt
590 4196 596 4231 :
614 4177 710 4233 lleuite
729 4177 861 4234 benedicti
882 4179 969 4233 Patris

175 4242 239 4310 tttei,
255 4245 389 4313 possidete
408 4258 531 4317 paratum
546 4250 622 4306 vobis
635 4248 775 4320 regnumb
798 4251 833 4303 ab
845 4250 855 4280 ⁷
866 4250 969 4320 origine

176 4315 280 4371 tnttttdi.
294 4316 400 4373 Esttriri
417 4319 506 4384 cuitu,
523 4331 550 4375 et
567 4320 680 4377 dedistis
700 4321 766 4376 mibi
781 4320 967 4376 manducare:

176 4385 263 4449 sitiri.
276 4397 303 4443 ct
317 4387 430 4445 dedistis
446 4391 511 4445 milti
526 4391 620 4448 bibere
635 4410 643 4446 c
658 4393 782 4463 bospes⁸
803 4391 856 4460 lui,
870 4398 898 4447 et
910 4392 969 4447 col·

176 4455 279 4540 legistis
294 4475 337 4515 me
359 4477 366 4513 ι
390 4460 493 4528 nudus,
509 4473 536 4519 et
553 4464 658 4519 texistis
675 4478 719 4519 nte
742 4481 749 4518 ε
769 4462 891 4520 infirmus
912 4462 966 4529 lui,

175 4536 203 4582 et
217 4529 347 4585 visitastis
361 4546 404 4587 mc
423 4550 430 4586 :
445 4533 471 4586 itt
485 4537 616 4590 carcerc⁹
635 4535 670 4590 lui
681 4576 688 4599 ‚
700 4543 728 4591 et
738 4535 850 4591 vertistis
863 4534 897 4589 ad
912 4549 965 4589 me.

175 4597 251 4655 'lunc
275 4601 477 4671 respondebunt
498 4606 523 4659 ei
543 4605 626 4673 justi,
654 4605 776 4663 dicentes
800 4625 806 4661 :
835 4607 966 4672 bomine,

174 4671 284 4743 qttsttdo
298 4682 326 4729 tc
339 4673 455 4730 ridituus
470 4677 648 4745 esurientem,
659 4689 687 4734 et
702 4678 841 4750 parimus;

1017 467 1105 524 usuris
1124 468 1288 540 recepissent

1014 541 1087 666 {uod
1102 555 1191 596 meum
1203 547 1256 597 est.

1035 613 1061 668 8.
1083 611 1183 669 Tollite

1015 682 1107 753 itaque
1121 683 1154 739 ab
1167 699 1200 740 eo

1014 755 1164 824 talentum,
1180 764 1208 812 et
1222 753 1285 811 dete
1298 757 1323 811 ci

1015 825 1062 896 qui
1074 825 1156 882 babet
1169 843 1198 882 s.

1016 897 1127 952 talenta.

1014 967 1061 1024 29.
1081 968 1161 1025 Omni
1176 970 1249 1026 enim

1015 1040 1124 1096 babenti

1015 1111 1140 1180 dabitur,
1154 1122 1182 1170 el
1196 1115 1284 1171 abun·

1014 1182 1088 1239 dabit
1103 1201 1110 1238 :
1124 1185 1149 1238 ei
1159 1196 1249 1241 eutem

1014 1257 1060 1325 qui
1076 1270 1129 1310 non
1144 1255 1239 1322 babet,

1015 1334 1042 1382 οι
1053 1325 1124 1396 qued
1137 1325 1175 1451 (ep
1191 1330 1238 1382 ba·

1015 1395 1061 1452 bet
1071 1397 1107 1469 †‚
1119 1412 1153 1452 au
1167 1406 1259 1455 cretur

1016 1469 1050 1524 ab
1065 1484 1109 1530 eo.
1240 1512 1243 1517 -

1015 1540 1059 1596 50.
1082 1540 1117 1596 Et
1132 1557 1246 1612 treguam
1260 1557 1317 1600 scr·

1015 1627 1078 1667 uum
1094 1612 1133 1682 (b)
1146 1615 1258 1683 proicite

1014 1683 1087 1739 ieras
1100 1682 1121 1754 †
1136 1686 1163 1738 in
1176 1695 1252 1741 tene-

1013 1754 1076 1810 bras
1092 1756 1260 1813 exteriores:

1013 1825 1050 1880 ibt
1066 1827 1118 1881 erit
1131 1826 1230 1894 fletae,

1010 1907 1039 1954 ct
1049 1897 1151 1953 stridor
1163 1897 1232 1955 den-

1010 1969 1090 2025 tium.

1010 2041 1056 2097 at.
1078 2039 1145 2097 Cum
1160 2052 1251 2098 autem

1010 2115 1118 2168 venerit
1131 2114 1204 2169 lilius

1011 2183 1128 2240 bominis
1140 2186 1166 2239 in

1011 2257 1154 2324 majestate
1166 2271 1214 2311 sua
1229 2299 1236 2321 ,

1012 2335 1040 2382 οι
1050 2341 1145 2383 ontnes
1159 2329 1248 2399 angeli

1012 2411 1074 2454 cum
1088 2414 1140 2465 co,
1154 2407 1219 2455 tunc

1012 2469 1119 2526 sedebit
1130 2486 1213 2541 super

1013 2540 1106 2597 sedem
1121 2557 1178 2596 nta-

1012 2611 1119 2681 Jestatis
1132 2627 1198 2669 suae
1210 2630 1218 2667 ι

1013 2683 1059 2740 52.
1080 2693 1109 2740 et
1121 2699 1238 2755 congre»

1013 2755 1147 2824 gabuntur
1161 2767 1223 2810 ante
1236 2770 1298 2812 eum

1014 2840 1111 2881 omncs
1122 2837 1233 2897 gentes,

1015 2905 1043 2951 οι
1055 2897 1192 2968 separabit

1015 2971 1111 3026 euseb
1122 2969 1235 3025 invicem
1249 3009 1255 3021 .

1015 3039 1062 3095 at.
1083 3039 1152 3095 sicut
1163 3052 1254 3110 paster
1267 3053 1312 3096 se·

1016 3122 1110 3183 gregat
1123 3127 1191 3168 eves
1206 3111 1241 3167 ab

1018 3181 1097 3239 aedis
1112 3193 1140 3239 ct
1154 3192 1256 3240 statuet

1434 472 1470 544 (c)
1483 488 1547 530 oves
1562 473 1582 545 ‘s
1595 473 1628 529 ad

1432 546 1536 601 dextris
1549 546 1606 600 suis
1618 588 1626 612 ,

1432 618 1613 672 acdusautem

1432 687 1466 742 ad
1479 687 1605 743 sinistris.

1433 758 1478 814 54,
1500 758 1657 816 Tuttcdicet

1430 845 1478 886 rex
1495 829 1551 898 itis,
1568 832 1613 901 qui

1431 901 1464 956 ad
1487 901 1589 957 dextris

1430 973 1488 1042 ejus
1503 981 1566 1028 suut
1580 991 1587 1028 ι

1430 1045 1526 1099 llcttite
1538 1043 1672 1100 benedicti

1431 1115 1519 1170 i'atris
1533 1117 1605 1184 mei,

1431 1187 1568 1259 possidete
1581 1203 1627 1256 pa-

1430 1268 1519 1314 ratum
1532 1260 1609 1314 robis

1430 1345 1543 1399 regnum
1555 1345 1572 1384 a
1584 1345 1648 1386 con-

1431 1402 1570 1457 stitutione
1581 1401 1683 1456 muudi

1432 1470 1477 1528 55.
1498 1473 1586 1527 Esurii
1598 1474 1670 1528 enim

1431 1552 1459 1598 et
1468 1544 1582 1599 dedistis

1433 1614 1624 1671 miitintandu-

1432 1700 1494 1741 care
1506 1704 1513 1739 t
1530 1687 1601 1742 sitivi
1613 1729 1621 1754 ‚

1432 1766 1459 1812 el
1473 1757 1586 1813 dedistis

1430 1827 1496 1882 milti
1511 1838 1624 1898 putum:

1430 1900 1475 1955 titt.
1489 1914 1569 1970 ospes
1582 1915 1655 1955 eram
1670 1940 1676 1965 ,

1430 1979 1458 2026 et
1470 1971 1618 2028 collexistis

1429 2057 1474 2099 ute
1487 2061 1494 2096 :
1510 2043 1614 2110 nudus,

1430 2124 1457 2170 et
1471 2115 1616 2184 operuistis

1431 2200 1491 2240 me:
1508 2186 1648 2253 infirmus,

1429 2266 1458 2311 et
1473 2257 1602 2313 visitastis

1431 2343 1495 2383 me:
1512 2329 1538 2383 in
1554 2344 1613 2384 car-

1430 2414 1520 2456 cerem
1534 2414 1607 2456 erem
1621 2442 1628 2468 ‚

1431 2479 1458 2526 οι
1471 2472 1582 2527 venistis

1430 2541 1464 2596 ad
1478 2557 1530 2597 me.

1430 2614 1475 2670 st.
1495 2612 1571 2669 Tunc
1585 2629 1632 2670 re·

1430 2684 1604 2756 spondebunt

1429 2757 1453 2811 ei
1467 2754 1532 2825 iusti
1545 2798 1552 2822 ‚
1567 2755 1609 2810 di-

1380 2852 1389 2865 ·
1429 2837 1542 2883 centes:
1558 2827 1613 2882 bo·
1715 2838 1718 2843 ·

1431 2898 1513 2963 mitte,
1529 2914 1615 2966 quan·

1431 2968 1466 3024 do
1484 2978 1510 3025 ιο
1522 2969 1591 3025 vidi·

1433 3043 1627 3098 tnusesurien·

1433 3122 1504 3178 iem,
1517 3122 1546 3167 et

1433 3183 1556 3255 parisitus

1250 3298 1367 3358 coutet
1385 3298 1582 3357 ediximus,

1021 3392 1110 3448 usuris
1121 3392 1214 3464 utique
1225 3394 1389 3464 recepissem
1400 3392 1473 3464 quod
1485 3408 1574 3449 meum
1589 3402 1642 3449 est.
1657 3391 1758 3449 Tollite
1769 3393 1822 3449 ita-

1021 3480 1074 3532 que
1088 3463 1122 3519 ab
1144 3479 1178 3520 eu
1193 3465 1322 3520 talentum
1336 3473 1364 3520 οι
1376 3463 1439 3520 date
1460 3466 1485 3519 ei
1499 3466 1545 3535 rpti
1564 3464 1644 3520 ltabct
1661 3464 1757 3519 deceta
1779 3479 1821 3520 ta-

1021 3535 1104 3591 lenta.
1121 3535 1200 3592 Omni
1221 3537 1293 3590 enim
1316 3536 1426 3592 babenti
1445 3536 1553 3591 dabitur
1575 3545 1603 3592 et
1625 3535 1775 3590 abundabit
1791 3538 1818 3592 ei

1020 3616 1109 3662 autent
1126 3608 1172 3677 qui
1187 3622 1240 3662 nott
1255 3598 1377 3662 ltabcfet
1390 3606 1462 3677 quod
1475 3607 1582 3662 ridetur
1596 3607 1694 3662 babere
1708 3609 1822 3663 ardere·

1022 3687 1066 3733 tur
1083 3678 1118 3733 ab
1131 3694 1175 3733 eo.
1191 3678 1224 3733 Et
1236 3679 1356 3732 inutilem
1368 3693 1476 3733 serrum
1489 3679 1584 3748 proice
1594 3680 1620 3732 in
1636 3677 1763 3733 tenebras
1774 3694 1822 3734 cx·

1021 3751 1146 3806 teriones.
1163 3749 1216 3804 illic
1228 3751 1280 3803 erit
1301 3748 1380 3805 lietus
1394 3757 1422 3804 ct
1434 3750 1535 3805 stridor
1549 3750 1669 3805 dctttium
1687 3787 1714 3802 ..
1729 3789 1736 3803 .
1751 3747 1822 3805 Cum

1019 3831 1108 3875 autem
1136 3821 1240 3874 verterit
1266 3819 1338 3888 [dius
1357 3820 1472 3875 bominis
1495 3822 1521 3875 in
1538 3821 1680 3892 tmajestatc
1703 3835 1763 3876 sua.
1790 3832 1820 3875 ct

1019 3905 1115 3946 omnes
1129 3892 1214 3946 sattoti
1227 3892 1315 3960 angeli
1329 3907 1390 3947 curn
1411 3907 1454 3947 eo.
1470 3902 1534 3948 tttnc
1548 3892 1655 3947 sedebit
1668 3905 1749 3961 super
1775 3906 1821 3946 se·

1020 3963 1082 4017 dem
1096 3963 1245 4032 majestatis
1271 3978 1337 4018 stne.
1353 3972 1381 4017 et
1405 3972 1416 4001 ι·
1443 3964 1645 4034 congrabuntur
1667 3973 1731 4017 attte
1756 3978 1820 4018 eum

1020 4050 1115 4089 omues
1127 4042 1231 4104 gentes.
1247 4046 1273 4089 οι
1287 4033 1423 4104 seperabit
1438 4050 1485 4090 eos
1509 4035 1668 4089 abinvicem
1680 4036 1751 4089 sicut
1764 4048 1823 4103 pas·

1022 4114 1065 4159 tor
1079 4116 1204 4175 segregat
1217 4121 1282 4161 oros
1297 4108 1329 4159 ab
1343 4106 1446 4160 ttacdis.
1463 4115 1490 4159 ct
1505 4115 1615 4160 statuet.
1632 4106 1670 4177 (c)
1685 4107 1784 4174 ores†
1806 4121 1822 4160 a

1020 4174 1123 4231 dextris
1135 4177 1192 4230 suis
1206 4177 1307 4230 ltaedos
1323 4187 1413 4230 antem
1427 4192 1441 4228 a
1453 4177 1582 4231 sinistris.
1600 4176 1677 4231 Tune
1688 4175 1760 4230 dicet
1774 4192 1823 4231 rex

1021 4245 1063 4303 bis
1078 4249 1149 4318 quia
1163 4248 1266 4303 dextris
1279 4248 1338 4316 ejus
1352 4258 1433 4302 erunt
1456 4246 1550 4303 licttite
1577 4247 1712 4303 benedicti
1735 4247 1826 4303 larris

1021 4321 1086 4374 mei.
1103 4318 1238 4388 possidete
1265 4333 1376 4388 reguum
1399 4328 1522 4389 paratum
1550 4319 1662 4373 robisa
1689 4319 1825 4373 cunstitu-

1023 4389 1096 4445 tiottc
1107 4389 1210 4444 mundi.
1226 4390 1333 4445 Esttriti
1347 4392 1418 4446 euim
1430 4400 1457 4445 et
1467 4389 1580 4445 dedistis
1595 4388 1663 4443 ntilti
1675 4390 1824 4443 manduca-

1021 4475 1062 4518 re.
1078 4461 1161 4516 sitiri.
1176 4471 1204 4516 οι
1220 4462 1331 4532 potastis
1345 4476 1398 4515 tue.
1416 4461 1514 4531 ttospes
1526 4474 1613 4515 eram.
1635 4469 1664 4515 et
1677 4459 1828 4529 collegistis

1020 4548 1074 4589 mc.
1090 4533 1187 4588 nudus.
1198 4542 1225 4587 et
1234 4528 1472 4601 cooperuistisme.
1481 4530 1602 4586 inlirmus
1612 4531 1830 4587 luietrisitastis

1020 4620 1074 4659 me.
1087 4605 1113 4658 in
1124 4618 1264 4660 carcerem
1287 4603 1325 4657 lui
1340 4611 1368 4656 et
1379 4604 1490 4657 venistis
1504 4603 1537 4658 ad
1555 4618 1609 4656 me.
1620 4600 1698 4657 Tunc
1711 4615 1828 4670 respuu-

1020 4675 1121 4731 debunt
1134 4675 1232 4746 eijusti
1256 4676 1376 4729 dicentes
1400 4673 1523 4730 buntiue.
1537 4671 1644 4744 quande
1674 4682 1699 4729 ιο
1711 4673 1830 4729 riditttus

1019 4748 1184 4803 esurientem
1207 4755 1235 4801 et
1249 4747 1371 4816 patimus

456 4821 461 4829 ι
517 4858 714 4920 tentabitis
731 4861 924 4920 Lectiones
942 4861 1076 4920 coutcts
1094 4861 1151 4918 tls.
1171 4860 1202 4918 S.
1221 4857 1477 4917 subsanensis.

209 4952 407 5067 :tesam

207 5076 221 5171 τ
235 5075 335 5190 ¹tffiicetttr
346 5076 470 5130 babere...
484 5079 598 5132 inutilem
607 5093 707 5132 seruum
719 5079 813 5145 injicite

208 5202 218 5235 ⁸
236 5200 337 5266 quidetn
348 5200 469 5253 adextris
479 5205 559 5258 suis...
572 5207 701 5259 asinistris

1062 4956 1073 4987 ⁸
1089 4969 1145 5015 rex,
1159 4962 1208 5017 ete,
1231 4960 1257 5005 rtt
1272 4949 1345 5018 vulg.

1060 5019 1071 5050 r
1090 5020 1290 5069 acottstitutiuue

1059 5080 1073 5173 ζ
1087 5075 1168 5193 333,
1181 5087 1208 5132 ot
1216 5079 1382 5131 collexistis...
1395 5079 1531 5142 opemtstts

852 5289 1035 5349 studentur
1054 5290 1169 5349 NOTAE.

215 5377 339 5435 ι(ἰιοοοο
363 5375 466 5433 babent
488 5377 560 5448 quod
579 5379 622 5436 bic
638 5381 689 5438 loci
703 5383 818 5456 legimus
830 5386 857 5442 in
868 5386 971 5442 codice.

1028 5386 1115 5457 brig.‚
1132 5386 1176 5442 ubi
1191 5387 1292 5458 legunt,
1304 5387 1395 5461 βάλετε
1409 5386 1471 5455 ἔξω.

181 5463 233 5504 mr.
248 5449 417 5505 corbeiensi.
430 5447 549 5506 llilarius
567 5467 674 5523 quoque
685 5455 878 5525 tegitdtqeod
888 5457 973 5523 trudet,
1065 5458 1079 5497 b
1112 5457 1281 5531 Cyprianus,
1309 5459 1417 5515 Luciler
1448 5458 1635 5524 calaritanus.
1671 5457 1836 5515 Gaudentius

182 5523 323 5602 regnetur,
333 5530 401 5604 etc.
417 5517 446 5577 id
458 5536 524 5577 tero
538 5522 609 5592 quod
624 5524 756 5610 sequitur
769 5527 797 5581 iu
812 5528 908 5582 eodem
922 5543 973 5582 ms.
1029 5530 1174 5600 episcopus
1197 5530 1360 5614 Brisiensis,
1375 5541 1403 5586 et
1426 5531 1612 5602 bragadinus,
1631 5530 1729 5588 eodem
1749 5531 1834 5588 mede

183 5587 360 5646 Cerbeteust:
390 5590 423 5646 Et
433 5608 534 5647 surum
556 5611 638 5666 ιιοᾳιιο
662 5605 782 5668 properie
796 5601 883 5668 [oras.
908 5607 973 5665 etc,
1031 5600 1145 5672 legunt,
1158 5601 1190 5656 ub
1205 5617 1306 5674 ereptae
1318 5603 1419 5656 mundi.

185 5664 392 5730 representavit
411 5663 522 5723 crocus
545 5677 688 5725 contextus
706 5668 869 5741 exemplaris
879 5668 976 5727 Canta-
1068 5683 1080 5712 ⁰
1103 5673 1185 5731 Deest
1196 5674 1223 5728 itt
1236 5674 1297 5730 cod.
1317 5673 1835 5749 particqrcinucrbecongrepobttrusr.

220 5773 262 5846 (ιι)
275 5771 315 5832 lta
328 5781 357 5832 ct
369 5783 424 5834 ter.
438 5777 487 5836 Gr.
504 5778 574 5854 ἔχει.
582 5780 660 5858 -(ιι
678 5782 718 5841 ita
733 5781 827 5842 etced.
835 5781 914 5842 Cant.
923 5784 1014 5860 didere
1023 5783 1107 5852 itta-
1119 5787 1155 5857 (c)
1175 5785 1240 5844 Post
1253 5801 1311 5844 csse
1324 5786 1402 5846 deest
1413 5786 1529 5858 ritem,
1541 5785 1579 5846 its
1592 5795 1622 5847 et
1634 5783 1662 5847 lu
1674 5782 1736 5847 eud·
1749 5782 1834 5846 Cdntt
