3810 6144
133 224 199 281 llll
777 216 902 276 sedeat
921 214 1115 275 outttsttttt
1719 214 1795 275 1Ηῖ

131 338 176 396 lis.
193 338 293 395 l’erum
309 338 361 395 etsi
376 336 407 395 S.
419 336 585 392 Philastrius
597 336 752 403 sanctitate,
767 343 796 390 et
809 332 932 391 doctrina
947 332 1074 397 ASerm.
1089 330 1119 387 S.
1136 330 1280 388 Gaudentii
1295 329 1465 387 successoris
1481 329 1511 387 S.
1533 328 1689 400 Philastril,
1708 343 1792 403 quern

132 432 280 505 praeclarus
294 432 447 497 exstiterit,
463 430 516 486 hoe
531 438 619 486 tamen
635 429 695 501 eiras
706 427 780 500 Opus
793 427 826 482 de
843 426 934 482 llore-
983 426 1016 481 de
1028 442 1076 480 sna
1091 424 1264 480 ordinatione
1280 424 1374 480 lrahuit
1388 442 1395 479 :
1409 431 1438 480 at
1450 432 1547 480 notum
1565 430 1610 480 est
1624 420 1656 479 8.
1672 420 1793 481 Ambro-

132 527 203 581 eiittr
215 531 306 593 caule,
320 533 348 581 ct
360 539 422 581 cum
431 523 535 596 judicio
546 522 706 595 quibusdam
722 525 748 577 in
762 522 830 577 loeis
844 519 934 591 legen·
983 519 1054 575 sium
1068 519 1218 590 emigrasse
1234 516 1355 573 Caesario
1377 526 1406 574 et
1427 518 1517 574 httico
1531 515 1705 575 Consulibus
1718 531 1793 574 anno

135 617 213 684 dum,
233 615 306 688 quod
330 614 461 670 nonnulla
484 614 623 671 contiueat
643 611 832 692 complacitis
854 620 936 667 rectae
983 612 1034 667 sal.
1050 612 1114 668 aot.
1129 611 1248 667 Consule
1266 610 1331 667 Not.
1347 610 1381 666 ad
1397 610 1480 666 Rom.
1502 609 1644 683 ilartprol.
1666 609 1705 667 ¹8
1717 608 1795 667 latit.

132 709 288 780 Tlveologice
302 723 356 765 non
370 708 437 763 satis
447 707 623 764 cohaereutia.
637 706 667 765 S.
679 706 848 777 Augustinus
856 701 933 774 prael.
1305 704 1406 761 Herm.
1426 704 1473 761 69.

132 802 160 859 in
175 802 272 858 librum
286 816 367 857 suurn
379 801 411 856 de
427 799 576 856 lloercailua
590 799 625 855 ad
641 797 860 867 Quodvultdeum
875 811 935 851 vno·
1021 798 1058 854 lbi
1075 798 1103 853 in
1118 805 1214 853 textu:
1230 814 1291 853 cunr
1311 808 1335 853 et
1358 799 1385 853 in
1404 808 1493 855 eeutre
1511 798 1673 868 sanctificati
1685 796 1753 865 aiat,
1767 806 1797 855 rrl

133 904 189 963 net,
203 893 314 950 doctius
332 892 366 949 de
380 892 533 949 heresibus
549 891 750 962 praescripsisse
769 889 799 946 8.
820 887 937 961 Epiplra·
987 891 1161 953 Patriarclue,
1182 889 1332 961 Propheta,
1352 889 1470 955 ludices,
1483 889 1623 957 incuriae,
1635 899 1661 945 et
1675 888 1798 946 laeum

132 988 218 1056 nium,
233 1003 316 1059 apuam
326 986 355 1043 S.
373 985 561 1042 l‘hilastrium.
987 984 1115 1051 Baptista,
1133 992 1202 1050 clc.,
1218 984 1308 1040 scribe
1331 984 1358 1039 in
1378 999 1463 1055 uturp.
1481 983 1568 1041 Gatrte
1589 984 1679 1055 legas,
1693 984 1797 1041 namsi

452 1078 554 1135 Hares.
574 1078 620 1133 ts.
987 1078 1132 1149 loqrtaanur
1141 1078 1175 1135 dc
1190 1092 1255 1133 vera
1267 1075 1488 1135 sanctificatione
1497 1093 1513 1133 a
1523 1086 1638 1150 peccato
1650 1077 1797 1149 originali,

170 1178 241 1231 Ante
257 1172 365 1230 initiunt
380 1187 440 1243 cap.
457 1180 558 1227 anneta
570 1188 578 1224 ι
591 1168 677 1227 Caute
696 1171 756 1242 lege
774 1168 826 1226 hoc
845 1178 936 1240 eaput,
987 1173 1152 1238 ieremiaan,
1167 1170 1303 1228 loannem
1324 1170 1474 1243 llnptistam
1484 1214 1490 1233 ,
1502 1180 1531 1227 et
1543 1169 1704 1243 lleiparam,
1717 1168 1797 1225 solos

134 1284 197 1323 narn
212 1267 242 1324 S.
257 1266 425 1322 Plrilastrins
439 1263 575 1320 existimat
591 1263 672 1334 primi
686 1262 804 1319 hominis
818 1262 936 1317 animaru
988 1266 1172 1321 sanctillcatos
1184 1265 1211 1320 ln
1222 1272 1301 1320 attero
1314 1263 1415 1320 docent
1427 1263 1574 1336 Theologi.

132 1364 238 1435 (desunt
251 1360 389 1431 rronrralla)
402 1358 522 1417 cuanS.
531 1358 583 1415 PP.
593 1357 681 1415 ierme
691 1370 798 1424 omnes,
810 1356 937 1427 etexpla-
1308 1357 1412 1415 literar.
1432 1358 1478 1415 tlt.

132 1464 244 1511 naiores
257 1453 399 1511 Geneseos
412 1452 530 1518 erudite,
548 1452 603 1522 pie,
615 1451 780 1520 nrtlrodoxe,
794 1450 936 1517 historice,
1024 1453 1066 1509 hd
1084 1453 1190 1510 initium
1205 1466 1265 1522 cap.
1282 1452 1389 1508 ascribe
1401 1470 1408 1506 ε
1422 1450 1508 1508 caure
1521 1450 1670 1523 legendum
1684 1459 1729 1507 est
1744 1449 1797 1506 hoc

132 1555 161 1603 et
175 1560 305 1620 germane
320 1547 482 1616 spiraculum
501 1546 559 1601 vitae
582 1546 696 1616 praelato
714 1545 792 1611 loro,
819 1543 938 1599 animam
990 1555 1079 1617 eaput,
1096 1558 1184 1615 neque
1198 1538 1271 1600 eninl
1287 1542 1401 1601 haeresis
1414 1552 1467 1612 est,
1482 1551 1530 1599 aut
1542 1556 1623 1599 error
1636 1542 1800 1601 existimare

58 1688 62 1693 .
134 1640 249 1695 rationis
264 1640 425 1711 participem
445 1639 606 1710 intelligant.
626 1637 695 1694 llide
713 1636 840 1693 Castrum
856 1637 903 1693 lili.
921 1652 939 1692 n
992 1638 1427 1697 nonomnesl'salmoseditosa
1444 1637 1632 1704 liavide,eum
1649 1635 1797 1693 multiPP.

134 1731 266 1789 adversus
280 1734 410 1798 hareses,
425 1732 510 1787 verbo
522 1732 626 1799 Anima,
643 1729 780 1797 harnesii,
793 1729 939 1787 etSixtum
954 1724 1019 1791 Bet
1041 1732 1209 1789 recentiores
1232 1731 1283 1787 lroc
1305 1731 1440 1800 sentiant,
1456 1739 1484 1787 et
1506 1729 1598 1787 ndlruc
1616 1730 1645 1786 in
1665 1730 1800 1801 opinione

135 1824 185 1882 lih.
201 1841 218 1881 v
233 1825 302 1881 liihl.
318 1834 413 1881 anatot.
425 1824 471 1878 97.
988 1828 1129 1885 doctorum
1150 1827 1201 1882 ista
1221 1826 1338 1897 quesrio
1360 1826 1520 1883 ventiletur.
1541 1823 1665 1882 Consule
1683 1822 1797 1883 Sixlum

454 1915 555 1973 iteres.
576 1915 622 1972 56.
990 1922 1038 1978 lib.
1053 1939 1061 1977 t
1075 1920 1145 1977 Bibl.
1167 1930 1195 1977 ct
1214 1920 1330 1986 Psalm.,
1347 1918 1514 1989 lnterpretes
1529 1918 1557 1974 in
1576 1914 1798 1990 prefationibus.

173 2011 213 2067 hd
232 2011 339 2068 initium
363 2026 425 2082 cap.
448 2011 557 2068 ascribe
573 2028 580 2066 :
594 2008 683 2067 Caute
697 2010 758 2080 lege
774 2010 825 2065 boc
843 2018 936 2080 caput,
1308 2032 1407 2090 ΗΜ.
1428 2032 1475 2089 32

139 2119 203 2161 nam
220 2104 250 2161 S.
268 2104 431 2160 Philastrius
447 2106 474 2159 in
491 2104 587 2160 lraeresi
603 2104 690 2175 partit,
705 2103 863 2159 existimare
876 2112 939 2159 ante

136 2200 373 2257 constructionem
398 2201 484 2255 turris
513 2197 597 2255 Babel
621 2212 704 2254 unam
727 2205 832 2253 tantum
855 2195 939 2254 luisse

137 2292 258 2361 linguam
273 2291 299 2346 in
313 2288 433 2357 mundo,
448 2304 509 2345 eum
532 2299 620 2346 tamen
637 2289 776 2361 Scriptura
794 2297 900 2355 saneta,
912 2297 940 2343 ct

138 2380 190 2439 88.
204 2379 257 2436 Pr.
273 2381 361 2437 lerme
375 2396 484 2448 amnes,
499 2396 552 2437 non
568 2381 618 2437 nisi
633 2396 713 2437 unam
727 2381 847 2452 linguam
869 2380 942 2436 inter

138 2474 263 2531 homines
275 2474 360 2532 luisse
370 2484 434 2531 ante
445 2474 654 2531 edificationem
664 2474 757 2544 Bahcl,
768 2474 942 2546 apertissimo

138 2566 267 2624 doceant.
289 2568 391 2623 Addita
415 2568 582 2625 recentiores
595 2566 695 2624 Genes.
716 2584 745 2623 m
767 2567 941 2638 interpretes,

1027 2152 1069 2208 hd
1095 2151 1203 2208 initium
1226 2164 1287 2221 cap.
1309 2149 1442 2206 ascribe:
1465 2146 1552 2205 Caute
1574 2144 1725 2219 legendum
1748 2145 1800 2203 hoc

991 2256 1085 2318 eaput,
1102 2261 1164 2302 nam
1176 2260 1230 2302 non
1245 2255 1287 2301 cst
1299 2243 1412 2300 haeresis
1427 2252 1524 2314 putare
1535 2239 1631 2298 stellas
1645 2254 1709 2297 esse
1728 2240 1801 2296 coelo

992 2338 1100 2405 inlitas,
1128 2352 1190 2394 eum
1215 2336 1241 2393 id
1263 2334 1429 2407 philosophi,
1451 2332 1632 2405 peripatetici,
1656 2339 1686 2387 et
1707 2338 1801 2387 astro-

992 2432 1079 2498 nomi,
1101 2439 1186 2501 atone
1206 2428 1364 2486 scholastici
1388 2428 1506 2499 theologi
1528 2438 1637 2483 srrmmo
1660 2437 1801 2481 consensu

992 2523 1146 2590 allirment;
1167 2522 1294 2596 quamvis
1313 2520 1437 2577 nonnulli
1457 2535 1492 2576 cx
1513 2518 1653 2577 veteribus
1675 2515 1730 2573 PP.
1746 2516 1802 2573 dis-

138 2658 267 2717 Gastrum
291 2661 340 2717 lih.
367 2677 394 2717 rr
419 2661 552 2719 adversus
575 2661 707 2731 haereses,
724 2662 809 2719 verbo
830 2660 943 2734 dinprra,
993 2617 1124 2673 mmmm·
1139 2616 1208 2673 vid‘
1224 2615 1254 2673 S·
1269 2613 1369 2670 mm·
1387 2630 1396 2669 ¹
1410 2629 1450 2686 p.,
1465 2630 1493 2687 q·
1508 2614 1554 2681 ⁷⁰⁹
1568 2619 1622 2669 ²¹¹·
1640 2612 1668 2683 ¹²
1683 2610 1719 2668 Μ
1731 2612 1761 2679 5,
1773 2618 1802 2669 ‘¹

138 2752 248 2812 Sixtom
262 2755 311 2812 lib.
328 2772 345 2811 v
360 2754 474 2812 Bibliot.
489 2764 583 2813 annot.
598 2757 643 2813 87.
994 2710 1065 2767 sm
1081 2710 1129 2766 Ιώ·
1146 2708 1245 2766 VBM
1262 2717 1359 2765 ‘'mm‘'
1374 2707 1419 2763 Μ’

117 2820 164 2975 '
458 2848 562 2905 lieres.
583 2848 630 2906 63.
1318 2822 1418 2879 licerer.
1439 2821 1484 2879 89.

156 2928 164 2949 '³
176 2936 215 2993 lbi
226 2935 253 2992 iu
264 2948 340 2995 teate
353 2955 360 2993 a
375 2938 509 2994 aliomr’nn
520 2956 601 3010 saone
611 2942 752 2996 nancanni
762 2942 826 3009 tao,
839 2956 945 3013 appone
1031 2936 1111 2994 Tolle
1126 2946 1218 2993 notam
1233 2952 1319 3008 marg.
1335 2936 1366 2994 lll
1379 2936 1446 3008 tta-p.
1462 2952 1501 3005 ιι,
1517 2948 1635 2991 urorum
1653 2941 1684 2990 ct
1700 2946 1802 2991 concn-

140 3030 168 3087 in
191 3045 279 3103 marg.
300 3048 307 3086 :
326 3031 450 3088 Latinius
475 3035 515 3089 eir
536 3034 654 3089 eruditur
677 3036 798 3089 mendam
822 3036 871 3090 lroc
890 3036 945 3090 loca
998 3031 1121 3088 binarum
1143 3032 1299 3088 Salomonis
1321 3030 1523 3086 multitudinem
1543 3042 1721 3086 numerosam
1742 3042 1802 3101 mp-

139 3122 265 3195 illapsum
280 3124 307 3177 ira
321 3140 466 3191 namnum,
482 3126 531 3181 leui
547 3127 692 3182 avolatione
705 3128 743 3181 ita
759 3126 944 3181 restituendum
958 3118 981 3182 C
997 3125 1065 3181 stlce
1084 3139 1146 3179 esse
1160 3123 1382 3195 intelligendam
1403 3135 1431 3180 et
1446 3137 1550 3195 repone
1568 3140 1574 3176 :
1591 3120 1653 3178 Non
1674 3120 1803 3193 inlelligit

141 3216 253 3285 putarit,
269 3214 323 3273 580
337 3234 344 3270 ι
360 3232 421 3272 nant
434 3215 465 3273 S.
479 3218 653 3274 Plrllastrium
675 3232 726 3274 avon
743 3217 865 3289 potuisse
881 3233 944 3288 per·
996 3217 1025 3274 S.
1043 3217 1205 3273 Plrilostrius
1217 3218 1252 3273 de
1267 3218 1328 3274 loeo
1338 3216 1372 3273 lll
1387 3217 1458 3289 lleg.
1474 3232 1512 3285 xa,
1528 3217 1557 3282 ὅ,
1569 3230 1655 3287 ouem
1671 3215 1803 3272 historice

141 3306 237 3363 venire
253 3306 288 3362 ad
311 3324 414 3364 annum
430 3308 484 3365 459
498 3310 641 3381 perspicua
657 3311 794 3377 estratio;
809 3310 943 3380 siquidem
994 3312 1182 3384 accipiendum
1194 3325 1297 3368 nearest
1307 3312 1433 3378 dubium,
1443 3308 1802 3381 seddeloeocanric.n,t,

139 3400 208 3457 obiit
228 3402 377 3473 superstite
398 3402 424 3458 ei
446 3401 475 3458 8.
499 3403 656 3471 hanbrosio,
677 3412 830 3461 etcertum
854 3416 897 3461 est
915 3404 944 3461 iu
994 3423 1076 3478 nuent
1090 3407 1205 3480 mystice
1219 3406 1342 3478 plerique
1358 3406 1411 3463 et).
1428 3407 1657 3477 interpretantur.

141 3542 265 3599 mettium
283 3541 317 3598 dc
337 3541 497 3609 Philostrio,
511 3559 565 3600 una
583 3559 644 3601 curn
668 3544 727 3615 ejus
740 3560 867 3609 cerasina,
883 3561 943 3616 orare
998 3546 1062 3601 noni
1078 3544 1147 3603 taso
1161 3560 1209 3616 per
1221 3545 1402 3616 hlarparinurn
1427 3542 1462 3599 de
1484 3542 1509 3598 la
1531 3542 1629 3614 Bigne,
1644 3540 1801 3611 alveolapum

143 3613 274 3669 nonnulla
288 3614 429 3670 l'hilastrii
439 3613 587 3673 loeacaute
602 3616 715 3688 legenda
728 3631 789 3673 esse
803 3617 942 3673 admonet.
999 3616 1184 3674 herisiensem
1202 3624 1387 3688 procuratam,
1403 3621 1546 3685 exstatque
1567 3615 1595 3668 in
1611 3611 1707 3667 lodice
1724 3612 1803 3667 lilino·

142 3682 208 3739 llaec
221 3695 312 3740 autem
328 3685 556 3743 Brasielrellensls
574 3703 690 3746 censura
707 3688 825 3745 refertur
845 3691 879 3743 nd
902 3705 946 3745 se·
999 3705 1058 3744 rein
1076 3705 1185 3759 eaprrrp.
1210 3704 1271 3760 pag.
1296 3688 1348 3744 tls
1371 3702 1461 3757 serpo,
1476 3686 1572 3741 haime
1587 3686 1689 3754 primo,
1703 3682 1802 3741 deinde

143 3754 260 3811 cundum
280 3755 429 3813 editionem
445 3759 628 3817 parisiensem
647 3760 823 3817 bibliothec-e
837 3759 948 3816 Petrum
1001 3760 1127 3833 bergomi
1142 3760 1214 3833 typis
1226 3759 1333 3815 Comini
1347 3758 1477 3815 lleutrrrte
1488 3755 1569 3823 loos,
1584 3756 1671 3813 in·8⁰.

151 3872 1797 3929 ——n——mm

535 4013 859 4147 SANCTI
905 4014 1416 4146 PHILASTRII

687 4214 954 4301 episcopt
988 4216 1263 4301 uutxtntvr

406 4370 704 4518 LIBER
750 4371 1555 4622 DQESIBUS.

808 4656 817 4689 ¹
836 4672 1146 4748 eumaeum.

183 4864 221 4921 tle
232 4863 374 4923 hereseon
390 4875 404 4905 a
419 4866 531 4924 diversa
546 4867 713 4939 pestilentia,
726 4868 862 4940 variisque
872 4884 949 4925 erro·
960 4871 989 4933 Ii
1000 4868 1079 4925 lesus
1096 4866 1222 4926 Salvator
1232 4868 1260 4924 in
1276 4882 1371 4937 carne,
1393 4868 1600 4941 pullulaverint,
1612 4866 1708 4927 dicere
1720 4883 1804 4941 opor·

144 4956 234 5026 ribus,
248 4960 295 5031 qrri
304 4960 339 5017 ab
354 4961 461 5033 origine
478 4962 572 5019 muudi
588 4963 764 5027 emerserint.
787 4969 817 5019 ct
831 4963 882 5020 sub
901 4962 948 5019 iu·
1003 4971 1052 5029 tet,
1066 4978 1264 5033 numerumque
1276 4978 1370 5020 earum
1385 4964 1514 5034 paulatim
1537 4976 1691 5036 exponere,
1712 4963 1806 5020 inimi·

142 5046 212 5107 deis
227 5048 409 5121 deduxerint,
430 5061 503 5111 etex
516 5069 571 5126 quo
597 5055 674 5111 venit
702 5054 835 5111 Dominus
854 5064 948 5111 noster
1002 5070 1118 5126 eumque
1141 5057 1251 5112 humani
1274 5057 1386 5128 pencris
1410 5057 1512 5127 perdici
1533 5055 1618 5112 luisse
1642 5070 1659 5111 a
1683 5054 1805 5115 Ieremia

569 5167 648 5227 COD.
668 5168 723 5227 tls.
744 5168 922 5227 SANGERM.
942 5168 1138 5228 piscatorias
1158 5169 1369 5229 vanienses.

178 5282 188 5314 ¹
207 5283 239 5333 in
249 5296 295 5336 nte.
306 5284 436 5360 Sanperrn.
455 5284 540 5338 derant
551 5285 666 5339 Praelatio
685 5284 760 5349 erant
769 5298 827 5339 ntae
837 5286 945 5353 &autur
1035 5296 1108 5361 arnntr
1120 5301 1127 5337 ε
1139 5286 1225 5353 liboae
1242 5286 1327 5361 incipit
1351 5288 1449 5341 aeriis:
1474 5289 1565 5354 Incipit
1580 5289 1645 5341 ither
1655 5289 1758 5345 Filastri
1769 5292 1803 5343 de

143 5343 275 5411 &etopus
286 5358 372 5398 eorum
383 5360 426 5411 qut
437 5354 494 5399 ante
508 5349 640 5400 adrentum
656 5349 746 5402 Christi
764 5351 890 5404 hereseos
910 5364 947 5401 ar·
1022 5352 1151 5402 aeresrhos.
1163 5349 1223 5400 Post
1232 5362 1370 5413 passionem
1380 5350 1480 5414 Christi,
1493 5358 1538 5403 etc.

698 5454 846 5511 Ftssutctt
866 5454 911 5511 ET
929 5454 1108 5514 Ghlshlttlt
1128 5455 1246 5513 NOTAE.

182 5552 196 5580 ⁸
211 5543 249 5599 lle
261 5544 401 5601 haereseon.
408 5544 468 5602 lion
480 5545 637 5615 inlreouens
646 5547 751 5603 Latinis
762 5548 942 5619 scriptoribus
995 5562 1062 5604 scon
1073 5555 1101 5601 et
1113 5547 1293 5613 llnlientieon,
1308 5546 1509 5620 ilytholopicon
1521 5550 1668 5623 Fatigeotii,
1678 5551 1803 5613 Petronii

145 5616 278 5699 estuans
300 5616 413 5688 genitivi
435 5632 514 5691 casus
541 5619 674 5675 e'usmodi
697 5620 820 5691 pluralis,
845 5633 942 5689 praeca
995 5618 1152 5687 Satiricon,
1179 5628 1207 5674 et
1229 5618 1360 5675 l‘oeticon
1391 5622 1602 5683 listronomicon
1622 5624 1656 5683 G.
1687 5622 1800 5699 llygini.

142 5676 283 5754 dervanus,
309 5696 337 5741 ut
352 5696 486 5749 testantur
500 5691 542 5747 rel
569 5691 618 5749 ilrrl
632 5689 718 5748 Ovidii
732 5690 931 5761 hletamorplro·
985 5690 1072 5747 Etiam
1084 5689 1180 5747 inirac.
1195 5690 1251 5761 99,
1267 5691 1402 5748 hereseos.
1421 5692 1533 5751 Faunae.
1564 5716 1586 5768 pp
