3810 6144
115 196 169 254 495
386 188 527 253 1408414411
545 185 715 247 reuocat.
736 180 964 243 studentum
984 180 1053 241 ubst
1074 180 1190 243 44414118
1208 182 1286 243 (4014.
1305 178 1503 245 0044441041.
1715 168 1771 228 540

314 302 433 366 counit
451 296 721 359 tuuccttttusts

117 402 211 467 itlius,
226 399 305 473 qrrasi

117 483 211 546 guttae
224 487 288 528 san-

117 545 209 627 guinis
225 545 234 575 ¹
250 543 346 599 decur-

122 630 211 673 reuus
226 629 272 670 su-

121 703 172 758 per
186 696 298 742 terram.

119 759 166 815 45.
182 757 233 821 Et,
246 768 360 827 surgens

119 829 155 886 ab
167 828 269 884 oratio-

119 916 169 966 ne,
186 899 260 954 uenit
273 898 306 953 44

120 971 270 1041 discipulos
341 1038 346 1050 Ι

119 1057 195 1102 4444,
213 1052 240 1097 et
255 1043 360 1096 inrerut

121 1114 184 1169 iiios
197 1111 301 1167 dormi-

121 1197 200 1239 entes
214 1199 229 1237 a
245 1196 321 1237 urae-

118 1254 166 1310 45.
189 1269 260 1309 rore.
284 1254 316 1307 Et
329 1251 398 1306 dixit

119 1327 131 1358 ¹
146 1328 206 1379 eis:
224 1323 292 1392 Quid
309 1324 372 1378 dut-

121 1396 217 1453 mitisi
236 1394 323 1465 surgi-

122 1477 159 1532 te,
175 1476 263 1532 orate,
279 1481 314 1521 ue

122 1538 230 1594 intretis
245 1539 271 1593 in

122 1610 277 1678 temptatio-

120 1681 164 1737 47.
188 1695 259 1735 nem.
282 1680 325 1743 Et,
340 1679 388 1734 44-

123 1754 177 1808 buc
191 1767 225 1806 eo
239 1752 352 1822 iaqueu-

122 1834 161 1890 te,
176 1837 241 1879 4444
256 1831 312 1877 tur-

123 1895 169 1956 ba,
187 1903 214 1949 et
228 1894 274 1965 qui
288 1908 335 1950 ro-

124 1966 238 2021 cabatur
249 1964 297 2020 44-

125 2037 186 2101 das,
202 2052 272 2091 uuus

123 2109 158 2163 de
173 2107 330 2174 duodecim,

126 2177 273 2250 praecede-

125 2251 172 2306 bat
186 2250 248 2306 ilios
262 2267 270 2305 ε
286 2258 314 2306 et
326 2264 371 2305 44-

127 2322 240 2389 444444,
255 2335 301 2376 os-

126 2394 233 2447 cuiatus
247 2400 289 2448 est

125 2463 171 2520 48.
191 2463 295 2519 desum.
320 2462 392 2518 Dixit

127 2545 216 2591 autern
231 2534 329 2591 tesus:

125 2605 206 2671 4444,
221 2607 315 2662 osculo

127 2676 223 2733 Filium
239 2677 327 2731 borni-

127 2748 172 2803 nis
186 2746 271 2803 tradis
283 2751 295 2801 4

128 2820 175 2875 db.
194 2818 327 2875 videntes
340 2832 390 2874 au·

129 2899 183 2945 tem
197 2889 242 2960 qui
256 2899 335 2944 eram

129 2960 202 3016 eirca
216 2959 304 3025 iilum,

128 3031 202 3103 quod
217 3029 336 3086 tutorum

129 3110 213 3169 esset,
227 3102 355 3158 dixerunt

128 3173 168 3229 itit
178 3191 190 3257 ,²
207 3172 333 3239 Domine,
348 3171 394 3229 si¹
409 3187 473 3244 per·

130 3253 268 3301 cutrcmus
282 3246 309 3300 in

539 394 586 450 50.
607 390 719 463 gladio?
734 390 768 446 Et
782 404 845 461 per·

540 466 626 521 cussit
640 477 710 519 unus

539 536 695 608 quidamst
710 532 743 590 ii-

539 608 574 663 lis
589 622 698 662 serrum

540 676 691 739 Pontibeis,

539 759 568 804 et
581 749 698 806 abscidit

539 836 633 877 aurem
648 821 721 876 iilius

540 893 585 948 54.
599 889 753 947 dextram)
765 890 808 944 bt-

540 964 580 1019 xit
596 974 686 1019 autern

542 1035 580 1089 iiii
594 1034 674 1090 Jesus
687 1051 694 1087 ε
709 1034 719 1065 ³
733 1033 798 1088 Siue

540 1121 625 1176 usque
640 1105 702 1162 bue.

542 1178 574 1231 Et
586 1176 737 1233 extendens

540 1264 648 1303 manum
662 1265 709 1303 su-

539 1336 594 1388 mu,
613 1320 702 1391 tetigit

539 1407 601 1446 cum
615 1408 622 1457 3
643 1402 670 1446 et
685 1406 727 1446 re-

540 1464 672 1533 integrata

539 1543 582 1589 est
599 1534 672 1589 auris
687 1534 755 1604 ejus.

539 1606 585 1661 et.
607 1605 678 1659 Dixit
693 1611 782 1659 auteur

539 1676 619 1732 iesus
632 1675 666 1730 ad
683 1689 741 1743 eos,
756 1674 799 1745 qui

540 1756 670 1804 venerant

540 1819 573 1873 ad
590 1834 630 1885 se,
648 1817 740 1873 Ponti-

541 1891 616 1956 bces,
631 1897 659 1947 et
672 1888 763 1945 druis-

541 1963 604 2017 tites
619 1960 724 2028 tempii,

541 2042 571 2088 ct
581 2033 709 2088 seniores
722 2048 729 2084 ε

543 2105 553 2135 ⁸
567 2104 716 2174 Tamquam
732 2102 765 2158 ad

543 2175 677 2231 tattonem

543 2247 639 2303 existis
652 2260 714 2302 eum

544 2318 653 2445 gladiis,
670 2328 699 2374 et
714 2316 770 2373 ius·

554 2389 587 2446 5.
612 2389 706 2444 tibus?
726 2387 794 2444 Cum

544 2460 656 2518 cottidie
671 2476 715 2516 es-

545 2547 602 2589 sem
617 2532 710 2588 robis·

541 2620 604 2661 eum
619 2604 646 2658 iu
661 2612 726 2659 tem·

542 2676 596 2747 pio,
614 2688 667 2730 non
682 2689 731 2730 ex-

546 2746 699 2801 tendebatis

545 2830 641 2872 manus
655 2832 702 2872 su·

544 2902 593 2959 per
604 2902 662 2943 rue:
678 2887 726 2942 sed
739 2886 805 2943 bace

545 2969 585 3016 est
598 2967 687 3014 vestra
702 2958 752 3014 bo·

547 3046 587 3096 ra,
599 3038 627 3087 et
647 3037 738 3100 potcs-

547 3110 588 3158 tas
608 3110 683 3157 4444-

546 3173 668 3231 brutum.

546 3244 591 3300 54.
611 3243 787 3316 Conprehen-

1187 294 1304 354 cobet
1324 289 1554 354 rbuuucttsts.

970 390 1022 448 dor
1037 391 1106 462 eius,
1123 391 1193 474 sicut

969 471 1063 533 guttae
1077 463 1217 533 sarrguruis

970 536 1149 591 decurrentes

970 606 999 661 in
1014 617 1126 662 terram.

970 675 1015 732 45.
1038 677 1071 733 Et
1085 676 1184 733 1441444

970 756 1023 812 est,
1039 763 1100 803 eum
1115 763 1175 804 sur-

970 822 1088 877 rexisset
1103 819 1136 874 ab

970 891 1106 957 oratione,
1119 899 1148 945 et

970 963 1091 1017 venisset
1103 960 1136 1017 ad

969 1032 1118 1102 discipulos

969 1118 1042 1169 suns,
1060 1104 1163 1158 invenit

970 1174 1181 1231 iliusdorurieu-

970 1256 1011 1302 tes
1027 1263 1089 1315 prae
1104 1246 1191 1301 tristi·

970 1317 1015 1372 44.
1037 1316 1083 1372 ria.
1101 1318 1133 1372 Et
1146 1317 1183 1371 ait

969 1388 1038 1443 iilis:
1054 1387 1123 1456 Quid
1138 1388 1203 1443 dur·

971 1460 1061 1515 mitis?
1075 1459 1194 1531 Surgite,

970 1540 1056 1598 orate,
1072 1547 1106 1587 ne
1119 1531 1226 1586 intretis

972 1602 999 1657 iu
1016 1602 1231 1669 temptationem.

972 1673 1017 1727 47.
1037 1672 1133 1729 Adbuc
1149 1673 1187 1746 (a)
1204 1689 1253 1728 au·

972 1755 1026 1801 tem
1042 1744 1063 1816 †
1078 1745 1175 1800 414414-

972 1827 1084 1885 444444,
1097 1830 1160 1871 eece

975 1888 1082 1951 turbae,
1094 1888 1176 1957 etqui

972 1959 1119 2014 vocabatur
1132 1956 1178 2013 44·

972 2029 1034 2093 444,
1049 2045 1118 2085 unus
1129 2028 1163 2085 44
1174 2046 1220 2085 su.

972 2098 1152 2156 antecedebat
1163 2116 1221 2158 eos.

976 2171 1013 2244 (b)
1028 2171 1061 2225 Et
1076 2171 1249 2243 adpropians,

974 2243 1114 2299 osculatus
1127 2254 1169 2299 est

974 2313 1083 2370 lesum:
1105 2315 1157 2370 boe

975 2386 1047 2443 enim
1061 2387 1168 2458 signum

976 2527 1032 2594 eis,
1049 2528 1160 2585 dicens:
1175 2528 1275 2598 Quem-

978 2614 1095 2670 cumque
1106 2616 1186 2656 oseu-

978 2671 1049 2727 iatus
1068 2670 1216 2737 144444ιὶ4

978 2750 1030 2810 est,
1049 2750 1139 2799 teuctc
1153 2758 1214 2799 euru
1230 2744 1261 2815 †.

979 2813 1024 2869 48.
1047 2815 1122 2870 Dixit
1145 2825 1236 2871 autem

981 2884 1019 2939 iiii
1033 2884 1129 2941 Jesus:
1146 2886 1227 2953 4444,

981 2956 1075 3010 444444
1089 2957 1187 3013 Filium

982 3024 1100 3083 bominis
1116 3026 1218 3084 tradisi

982 3097 1028 3154 444.
1049 3098 1127 3167 Quod
1141 3115 1202 3156 curn
1216 3100 1265 3153 ri»

982 3168 1080 3227 dereut
1094 3186 1156 3227 euru

984 3241 1024 3308 bi,
1037 3243 1083 3313 qui
1098 3242 1170 3300 cirea

1386 390 1473 459 ipsum
1484 394 1574 453 erant,

1386 461 1513 517 dixerunt
1523 458 1548 513 ei
1560 475 1567 511 ε

1389 533 1512 595 Domine,
1528 528 1580 593 414,

1386 603 1568 673 percutiemus
1581 613 1644 653 eum

1386 676 1432 731 50.
1454 671 1600 743 ingladio?
1616 670 1651 725 Et

1386 744 1545 819 percussit.
1569 783 1575 795 .
1599 782 1605 794 .

1388 858 1395 872 .
1419 859 1425 872 .
1448 829 1592 871 sanuses

1387 889 1558 944 iiiisserrum

1385 959 1517 1032 Principis
1532 956 1580 1012 Sa-

1385 1032 1536 1094 cerdotem,
1551 1037 1578 1083 et

1390 1101 1541 1172 amputarit
1556 1097 1664 1154 auricu-

1390 1175 1443 1228 lam
1458 1175 1517 1242 ejus
1530 1172 1667 1226 dextram.

1388 1246 1433 1299 54.
1455 1239 1634 1313 [respondeus
1653 1252 1702 1294 au-

1392 1326 1444 1371 teur
1459 1315 1550 1377 iesus,
1563 1312 1630 1367 dixit
1643 1328 1650 1364 ε

1392 1387 1585 1443 biruitteeurn.

1391 1458 1426 1513 Et
1437 1459 1525 1527 tetigit
1539 1469 1633 1510 aurem

1392 1530 1462 1595 ejus,
1478 1539 1505 1585 et
1517 1542 1598 1582 sana-

1394 1602 1433 1656 rit
1448 1616 1521 1656 euru.

1393 1674 1438 1727 54.
1460 1674 1504 1726 dit
1516 1680 1607 1725 autern
1626 1666 1723 1723 iesus:

1393 1743 1459 1799 Siue
1475 1758 1558 1813 usque
1573 1742 1635 1795 boe.

1395 1818 1427 1872 iit
1442 1814 1475 1870 ad
1488 1812 1600 1880 eos,uui

1394 1887 1428 1943 44
1442 1901 1471 1941 44
1484 1892 1626 1947 uenerant,

1394 1954 1622 2024 mmmmm

1395 2030 1445 2086 bus
1461 2027 1650 2091 Sacerdotum,

1394 2111 1421 2158 et
1435 2098 1632 2170 biugistratibus

1397 2172 1500 2243 tempii,
1516 2179 1542 2226 et
1554 2170 1603 2225 Se-

1397 2245 1532 2300 nioribus:
1546 2239 1630 2309 Quasi

1397 2316 1430 2372 atl
1445 2316 1578 2369 lairunem

1397 2387 1492 2443 existis
1506 2399 1568 2441 cum
1592 2382 1651 2453 gia·

1397 2460 1460 2523 diis,
1476 2467 1502 2514 et
1524 2452 1658 2511 fustibus?

1397 2531 1442 2585 55.
1463 2530 1530 2585 Cum
1546 2523 1647 2582 cotidie

1398 2601 1537 2657 vobiscum
1554 2596 1613 2652 iue-

1399 2673 1449 2729 rim
1464 2674 1491 2727 in
1507 2680 1574 2727 tem-

1400 2745 1459 2814 plo,
1474 2758 1528 2799 nou
1543 2748 1640 2798 esten-

1401 2814 1480 2871 distis
1492 2815 1519 2869 in
1533 2828 1576 2868 rue

1403 2903 1499 2942 nruuus
1513 2904 1519 2938 :
1534 2884 1583 2940 sed

1404 2958 1471 3013 baec
1486 2957 1551 3012 bora

1403 3039 1445 3086 est
1458 3038 1564 3093 restra,

1404 3109 1432 3158 et
1447 3109 1568 3169 potestas
1588 3107 1628 3154 44·

1406 3173 1562 3228 nebrarum.

1406 3245 1451 3301 54.
1473 3241 1736 3312 Eteonprebensum

785 3356 904 3416 CObEX
923 3356 1122 3416 buitttttbs.

132 3452 326 3510 Verumtamen
355 3466 410 3507 uon
428 3465 488 3507 mea
509 3451 646 3508 retentas.
675 3450 723 3508 sed
749 3460 794 3507 tua
823 3451 880 3507 bat.
903 3449 939 3506 Et
990 3451 1197 3523 musgiadioAEt
1208 3454 1340 3524 percussit
1351 3469 1461 3510 unusex
1473 3455 1525 3510 iiiis
1537 3470 1645 3512 serrum
1656 3456 1792 3529 Principis

131 3537 248 3594 surgens
269 3525 303 3579 ab
322 3524 457 3579 oratione.
472 3531 500 3580 ct
521 3524 635 3580 veniens
658 3523 691 3578 ad
713 3522 874 3593 discipulos.
895 3524 938 3578 in·
987 3524 1176 3580 Sacerdotum.
1191 3536 1217 3582 et
1230 3526 1380 3594 amaricavit
1399 3526 1547 3581 auriculam
1568 3527 1627 3597 ejus
1649 3528 1789 3585 dextram.

132 3598 264 3652 renitens
275 3594 452 3651 dormientes.
467 3610 531 3665 prae
547 3596 667 3650 tristitia.
682 3594 717 3649 Et
734 3594 772 3651 ait
788 3595 853 3651 iilis.
868 3594 939 3663 Quid
989 3595 1168 3666 Respondens
1183 3606 1274 3653 autern
1287 3596 1368 3652 44444
1386 3596 1435 3652 ait.
1459 3598 1547 3653 Sinite
1563 3615 1649 3669 usquc
1669 3599 1734 3657 buc.
1757 3600 1792 3657 tte

133 3665 268 3721 dormitis.
294 3668 402 3734 surgite
424 3675 452 3723 et
461 3676 547 3721 orate.
572 3682 607 3723 ue
635 3666 743 3721 intretis
769 3666 795 3722 in
821 3674 940 3736 tempta·
989 3668 1139 3723 extendens
1152 3684 1273 3723 nmirum.
1287 3677 1314 3724 et
1332 3676 1444 3739 tangens
1456 3670 1607 3726 auriculam
1623 3670 1695 3740 ejus.
1712 3687 1793 3727 sana-

133 3737 247 3792 tionem.
270 3738 301 3793 431
324 3737 413 3792 adhue
435 3753 469 3792 co
493 3736 633 3806 innuente.
657 3752 720 3793 cece
740 3739 828 3792 turba.
843 3747 872 3793 et
894 3737 940 3808 qui
991 3741 1029 3794 rit
1041 3754 1114 3795 euru.
1132 3740 1205 3794 bixit
1226 3738 1457 3795 auteruiesusad
1473 3755 1530 3797 cos.
1546 3740 1593 3810 qui
1609 3742 1791 3799 veneruntad

133 3807 284 3863 recabatur
309 3806 403 3863 44444.
429 3822 501 3863 unus
526 3808 561 3863 de
589 3807 731 3865 duodecim
760 3810 939 3865 antecedebat
990 3825 1053 3866 euru
1073 3810 1475 3879 aPrineipibusSacerdotem.
1503 3820 1530 3866 et
1552 3811 1673 3870 Seribae.
1692 3822 1721 3869 et
1736 3814 1794 3869 444-

132 3892 191 3933 444.
217 3887 244 3931 et
269 3877 496 3949 adpropinquavit
521 3879 554 3933 44
578 3878 683 3935 lesum.
711 3888 740 3933 ut
770 3881 939 3937 oscularetur
990 3882 1120 3952 gistratus
1135 3883 1237 3952 tempii.
1260 3891 1288 3936 ct
1308 3882 1478 3938 Senioribus.
1496 3884 1577 3950 Quasi
1598 3884 1631 3938 44
1656 3885 1791 3941 iatronem

135 3964 208 4004 cum.
225 3948 305 4004 44444
321 3961 412 4004 autern
428 3950 496 4004 dixit
517 3950 552 4004 ei.
571 3949 642 4005 4444
664 3950 758 4005 osculo
772 3949 870 4005 Filium
891 3951 941 4007 bo·
992 3954 1117 4007 vertistis.
1134 3968 1195 4008 cum
1209 3954 1317 4025 gladiis.
1340 3964 1367 4008 et
1382 3954 1509 4009 fustibus.
1523 3955 1635 4010 cottidie
1650 3956 1792 4013 ruiriseum

133 4020 215 4074 minis
230 4018 326 4075 tradis.
341 4018 471 4075 videntes
486 4029 575 4075 autem
592 4020 620 4075 bi
635 4021 681 4088 nui
694 4036 756 4076 eum
773 4022 832 4089 ipsu
851 4032 938 4077 erant.
991 4040 1065 4079 eram
1081 4026 1107 4078 in
1124 4026 1236 4094 tempto.
1249 4036 1277 4079 et
1290 4039 1344 4079 uon
1360 4025 1501 4081 inmisistis
1519 4025 1546 4080 iu
1562 4042 1605 4082 ure
1617 4042 1727 4083 manus.
1742 4026 1793 4083 sed

134 4090 206 4162 quod
222 4089 341 4146 futurum
356 4101 425 4147 crat.
441 4091 569 4147 dixerunt
587 4093 623 4146 ei.
641 4092 764 4148 borniue.
781 4094 803 4147 si
824 4094 941 4163 percuti·
992 4096 1059 4151 bace
1072 4104 1115 4151 est
1128 4110 1176 4150 ora
1193 4104 1462 4166 restraetpotcstas
1475 4098 1658 4153 tenebrarum.
1673 4098 1793 4155 134444-

784 4206 902 4265 cubet
914 4209 1152 4269 CORBEiENSiS.

170 4307 218 4367 47.
238 4311 416 4381 appropians,
429 4309 569 4366 osculatus
584 4320 626 4367 est
640 4309 744 4365 Jesnm.

170 4524 216 4580 54.
234 4522 302 4583 Sine
312 4539 398 4597 usque
411 4525 474 4581 boc.
492 4525 526 4581 Et
538 4525 781 4582 extenditmaaum
797 4540 874 4581 suam
888 4525 935 4583 44-

986 4329 1043 4379 sus,
1056 4323 1084 4371 et
1095 4314 1182 4386 tetigit
1200 4329 1273 4379 eum,
1290 4324 1317 4369 et
1331 4312 1517 4384 redintegrata
1532 4321 1574 4368 est
1585 4313 1660 4368 auris
1676 4313 1749 4381 cius.

171 4380 217 4438 49.
237 4381 314 4450 Quod
330 4397 391 4437 eunt
405 4381 528 4439 riderent
543 4382 606 4440 bi...
627 4383 699 4453 quod
715 4381 839 4449 sciebat,
859 4382 935 4440 dixe·
1025 4386 1069 4439 54.
1092 4385 1125 4441 Et
1145 4384 1178 4440 ad
1193 4401 1261 4451 eos,
1281 4386 1326 4455 qui
1345 4384 1379 4441 ad
1401 4392 1593 4453 sevenerunt,
1609 4384 1678 4441 dixit
1693 4384 1793 4455 desua,

135 4459 201 4507 ruut
216 4470 224 4509 ε
239 4454 366 4521 Domine,
381 4453 403 4508 si
418 4455 602 4522 percutiemus
615 4454 635 4525 †
648 4455 674 4508 in
686 4454 796 4525 gladio?

988 4455 1161 4529 Principibus
1176 4456 1357 4515 Sacerdotem
1373 4465 1427 4513 etc.

751 4616 951 4676 vautuutcs
969 4616 1172 4675 tsscttbutts.

168 4711 177 4742 ¹
196 4713 258 4761 tint.
270 4711 437 4762 decurrentes
448 4714 483 4762 in.
499 4711 579 4777 Vuipo
589 4713 747 4763 decurrentis
758 4716 793 4764 in.

1025 4711 1037 4743 ⁸
1054 4713 1108 4762 Get.
1121 4715 1216 4763 444144.
1237 4712 1307 4765 Dixit
1320 4714 1352 4763 ei.
1366 4710 1440 4779 Vulq.
1453 4712 1497 4764 ait.

140 4773 249 4895 8444444
260 4774 446 4888 igiglzesurgite,
456 4780 570 4826 ‘torm'
582 4774 655 4841 ΜΨ
668 4773 717 4825 inis
727 4791 734 4828 ξ
744 4776 808 4835 erid
819 4774 941 4828 domnis?
1026 4775 1037 4868 :
1053 4776 1107 4889 stifft
1121 4778 1224 4890 {tubum
1236 4775 1373 4888 S'irliirieuam
1399 4837 1429 4888 ad
1444 4837 1565 4889 latronem
1586 4838 1698 4889 renistis
1717 4834 1786 4905 1444

170 4899 181 4930 ³
200 4871 305 4950 ito’Gut.
318 4873 429 4960 etum,
444 4897 520 4962 7444.
535 4900 697 4962 percutimus.
995 4898 1070 4959 Quasi
1081 4875 1111 4950 ad
1120 4876 1241 4952 iatronem
1250 4851 1346 4951 444444.
1678 4878 1682 4885 ’
1787 4879 1792 4890 ’

483 5021 742 5064 4444104444041444
755 5018 961 5062 vtubcubuttums
973 5021 1110 5065 ABEUNTES
1121 5025 1154 5064 tte
1169 5022 1295 5064 botrtuttc
1308 5022 1442 5066 t'ttttttrt.

147 5162 153 5172 ,
166 5098 208 5149 tt.
220 5098 283 5148 sieut
294 5103 380 5162 guttae
389 5101 514 5163 sanguinis
532 5100 704 5151 decurrentes.
736 5100 776 5151 45.
789 5101 815 5150 iu
830 5106 937 5164 tempta·
990 5104 1041 5149 tem
1058 5100 1106 5151 iiiis
1118 5100 1193 5150 iesus
1206 5114 1211 5148 :
1222 5101 1277 5150 sine
1289 5114 1367 5163 usque
1385 5101 1471 5152 adbuc.
1485 5100 1515 5152 Et
1534 5100 1674 5150 extendeus
1694 5115 1796 5153 manum

134 5168 237 5236 tionem:
271 5160 311 5209 47.
324 5159 409 5209 Adbuc
421 5170 504 5212 autem
515 5162 557 5211 ilin
569 5162 697 5238 loquente,
711 5175 770 5236 ecee
780 5163 897 5237 4444444...
911 5169 937 5211 et
990 5162 1251 5237 suamJesrrs,tetipit
1268 5168 1375 5219 comet
1392 5166 1491 5215 redinte
1521 5171 1561 5236 ata
1584 5171 1622 5237 est
1639 5166 1706 5237 auris
1729 5165 1795 5243 eius.

135 5235 282 5334 ’415444
292 5221 878 5352 ‘’tetbtttt.it‘tbnti·rbttttttt'i'
891 5224 937 5341 Ji.
989 5224 1478 5349 {iniri“buttuttttdttttb
1496 5225 1794 5349 dessiccabitur

135 5296 371 5408 4444444444...
384 5348 405 5397 si
415 5350 584 5412 percutiemus
596 5351 621 5399 iu
631 5324 722 5413 444414.
754 5352 797 5402 54.
814 5302 937 5403 14444444-
989 5352 1029 5404 55.
1043 5326 1278 5403 eumeitrute....n
1295 5326 1485 5401 memauuur...’.
1500 5326 1699 5402 tenebrarum..
1787 5326 1796 5337 ⁵

811 5457 998 5516 utaucutttt
1015 5457 1129 5515 NOTAE.

172 5550 211 5623 (u)
227 5553 306 5609 :turbt
323 5565 425 5621 autem,
439 5554 521 5610 etium
544 5563 600 5610 tex.
613 5553 661 5611 dr.
674 5552 713 5611 δι’.
734 5584 769 5595 -
784 5553 821 5624 (b)
837 5554 873 5609 Et
884 5554 921 5610 iia
934 5554 995 5611 444.
1011 5555 1091 5611 Cant.
1107 5559 1150 5611 rud
1163 5558 1266 5630 ἐγγίσας
1289 5558 1388 5629 &priuos
1403 5558 1445 5614 τὸν
1463 5555 1571 5615 Ἰησοῦν.
1591 5563 1669 5613 τοῦτο
1683 5556 1734 5633 γὰρ
1745 5578 1797 5629 cp·

135 5632 209 5697 μεῖον
222 5624 336 5683 ebrium
348 5629 447 5693 αὐτοῖς,
461 5625 506 5682 ‘Oe
518 5624 655 5701 4444444444
667 5626 744 5687 αὐτὸς
755 5628 825 5683 ieret
835 5625 925 5697 (deest
936 5636 1017 5683 tenete
1029 5628 1112 5689 curui.
1140 5627 1203 5685 itere
1216 5631 1284 5685 (4444
1306 5645 1340 5685 et
1368 5628 1698 5699 prioribusssrangeiistis
1721 5640 1798 5685 tuit·-

135 5694 191 5764 gini
205 5697 351 5765 adnotata,
367 5702 474 5753 tundunt
497 5699 523 5753 iu
538 5706 641 5754 tctiutu
658 5690 831 5755 4444411444.
847 5704 876 5751 44
890 5692 980 5755 Veron
992 5692 1137 5769 irrepsere.
